3125 5134
275 393 296 438 x
556 369 584 436 Ι.
608 369 635 436 Ι.
659 369 701 436 R.
724 371 790 436 AD
819 351 1073 434 AESCHINEM

275 531 350 592 dum
364 529 509 592 AEscblnla
524 530 581 590 mei
593 531 730 592 volumen
743 529 908 592 amandavi.
943 528 1058 588 contre
1069 523 1286 594 annoteticnes,
1300 541 1375 600 quas

153 629 156 638 “
261 625 386 704 ,Τεχίοπ
399 624 437 685 ad
451 625 564 684 calcem
579 623 720 686 orationis
740 621 885 702 cujusque
899 621 1089 700 relegaverat,
1105 617 1163 697 ipsi
1177 625 1259 676 terto
1277 615 1375 676 statim

276 717 408 796 suhjeoi;
430 717 511 796 quod
531 725 561 776 et
584 716 766 776 commodius
788 716 920 775 futurum
943 711 1105 773 lectoribus
1123 719 1155 771 et
1178 710 1261 769 factu
1282 707 1375 786 magis

276 808 473 870 necessarium
492 807 637 882 videbam,
660 815 692 868 et
712 827 730 868 a
747 807 893 867 nonnullis
911 803 1047 886 flagitari.
1089 801 1252 873 Interdum,
1272 818 1376 878 quem·

276 920 364 979 quam
381 901 536 980 rarissime,
552 902 700 962 auctiores
713 899 785 961 dedi
801 900 985 978 Taylorsnaa
999 897 1216 965 annotationes,
1232 903 1267 954 ut
1280 892 1386 971 Epist„

274 995 365 1064 dubi
379 995 477 1074 Toupi
491 994 659 1055 observatio
674 1013 690 1054 e
703 994 838 1074 lupanari
852 993 947 1072 petita
960 991 1048 1070 vulgo
1062 1009 1121 1049 non
1135 995 1267 1067 prosum
1286 985 1376 1062 digne

278 1085 328 1146 illo
343 1085 470 1160 bomine,
486 1086 537 1164 qui
548 1084 628 1146 nnlla
639 1085 677 1145 dc
690 1105 722 1146 re
734 1084 865 1162 disputat
879 1083 1009 1154 doctina,
1023 1080 1160 1161 quamde
1175 1077 1289 1140 scortis.
1321 1077 1377 1136 La.

243 1207 247 1224 ·
278 1178 368 1239 tinam
383 1179 665 1257 interpretationem,
681 1177 738 1238 mei
753 1177 778 1236 si
793 1197 840 1238 res
850 1175 957 1236 fuisset
964 1173 1089 1244 arbitrii,
1102 1173 1191 1251 plane
1202 1171 1375 1231 omisissem.

278 1269 476 1330 Decreveram
490 1269 653 1348 aliquando
672 1289 744 1331 mem
762 1269 833 1329 huic
850 1267 974 1328 editioni
990 1285 1114 1345 operum
1133 1262 1283 1324 AEscbinis
1300 1280 1378 1340 opn-

278 1361 394 1422 scnlum
412 1361 532 1435 addere,
548 1363 629 1440 quod
651 1381 717 1422 cnm
732 1383 749 1422 e
763 1359 882 1420 schedis
899 1358 1072 1438 'Payloranis
1093 1355 1300 1416 intellexissem
1318 1355 1378 1414 ine-

278 1453 372 1514 ditum
385 1454 414 1515 in
428 1453 608 1516 bibliotheca
618 1437 918 1529 leidensi'asservari,
931 1449 1001 1510 dedi
1017 1467 1107 1528 super
1117 1448 1173 1507 hnc
1186 1467 1217 1507 re
1231 1445 1376 1506 literaesd

282 1547 535 1626 wyttebachium‚
560 1547 659 1607 Leidae
679 1565 759 1608 nunc
780 1541 1022 1622 commorantem,
1043 1541 1104 1612 ubi,
1120 1540 1152 1600 id
1175 1539 1258 1619 quod
1275 1536 1376 1613 audin,
1428 1597 1431 1600 ,

279 1638 430 1699 Plutarchi
442 1639 544 1700 libello
557 1639 595 1701 de
610 1660 674 1700 sera
686 1640 813 1700 numinis
826 1636 957 1698 vindicta
970 1633 1089 1696 edendo
1102 1633 1155 1694 dat
1162 1652 1292 1712 operam.
1310 1632 1379 1692 Sci·

277 1731 359 1804 licet,
373 1743 434 1792 tum
450 1731 582 1792 nondum
596 1731 758 1792 inciderem
776 1731 807 1788 in
826 1731 916 1790 elium
933 1729 1031 1788 locum
1051 1725 1226 1786 schedarum
1244 1724 1376 1813 Tnylori,

279 1823 332 1882 ubi
353 1823 495 1882 Meletsm
520 1842 584 1883 eam
608 1843 674 1883 csse
698 1822 890 1883 Libanianam
914 1821 1064 1891 admonet,
1086 1817 1198 1878 dudum
1216 1817 1327 1878 editum
1347 1817 1377 1876 in

280 1914 397 1975 Libanii
418 1917 567 1996 operibus,
590 1916 626 1976 T.
645 1915 670 1976 l.
690 1935 720 1995 p.
735 1920 805 1976 1³1.
825 1934 885 1992 qua
909 1911 1064 1973 AEschines
1084 1933 1153 1972 cum
1176 1912 1378 1973 Demosthene

150 2067 158 2072 .
279 2007 442 2070 confertur}
464 2011 494 2072 id
510 2009 591 2090 quod
606 2009 798 2088 postmodnm
815 2006 1041 2090 Wyttebachius
1056 2024 1177 2084 quoqne
1195 2023 1241 2064 me
1264 2005 1380 2076 docuit,

274 2100 393 2178 juvenis
414 2101 532 2174 doctus,
554 2103 604 2163 cui
624 2102 788 2182 Epistulam
809 2099 940 2160 criticam
961 2099 1112 2171 debemus,
1134 2115 1239 2177 magna
1258 2098 1380 2176 promit·

280 2201 399 2265 tentem,
414 2203 445 2253 et
458 2195 606 2256 lulianum
621 2194 792 2275 aliquando,
806 2205 895 2274 atque
910 2193 1100 2253 Plutarchum
1113 2191 1333 2271 philosophum,
1346 2198 1380 2250 et

278 2286 381 2346 nescio
395 2307 433 2346 an
446 2288 596 2367 Synesium
613 2307 732 2368 quoquc
745 2288 931 2350 debebimus.
972 2285 1126 2347 Libaninm
1141 2305 1214 2363 ergo
1232 2283 1379 2362 cumipse

280 2388 375 2439 totum
393 2379 555 2458 aliquando
569 2381 624 2440 sim
641 2380 710 2442 satis
731 2381 894 2442 sinentibus
914 2378 1059 2450 editurus,
1073 2378 1178 2450 multo,
1188 2397 1276 2456 qnam
1291 2377 1380 2456 vulgo

277 2471 494 2544 circumfertur,
517 2473 744 2535 emendatiorem
764 2483 855 2551 atquc
870 2471 1106 2551 locupletiorem,
1122 2470 1214 2530 visum
1232 2470 1290 2531 fuit
1302 2489 1381 2547 opu·

278 2563 391 2623 sculum
406 2565 479 2625 illud
491 2565 559 2627 loco
573 2586 628 2625 suo
642 2585 801 2626 reservare.
828 2566 875 2626 De
886 2566 1003 2626 Grtecis
1018 2566 1049 2624 in
1061 2563 1229 2624 AEschinem
1247 2562 1377 2632 scholiis,

277 2676 295 2716 a
310 2675 356 2717 me
369 2657 465 2736 primo
479 2677 558 2720 nnnc
573 2659 710 2720 inlunem
725 2660 860 2739 prolatis,
874 2658 995 2718 seorsim
1016 2657 1079 2717 dixi
1100 2657 1131 2716 in
1150 2655 1324 2734 prefatione
1342 2654 1379 2715 iis

278 2748 440 2828 premissa.
481 2751 609 2812 Codices
631 2751 778 2812 AEschinis
799 2753 915 2814 calam
934 2752 1046 2810 exarati
1059 2750 1111 2828 qni
1124 2749 1253 2829 Taylorn
1265 2748 1305 2808 ad
1318 2766 1380 2808 ma·

278 2861 348 2901 num
369 2841 489 2914 suerint,
511 2844 564 2921 qui
584 2842 666 2914 mibi,
685 2863 703 2902 e
724 2842 899 2922 prefatione
916 2840 1096 2918 intelligetur
1115 2839 1193 2900 libro
1206 2841 1392 2901 vadantium·

279 2935 439 2995 lectionum
463 2937 631 3013 praemissa3
654 2955 743 3012 quem
763 2936 794 2994 in
810 2935 953 3004 libellum,
971 2942 1006 2994 ut
1020 2933 1093 2993 alias
1110 2933 1219 3011 passim
1237 2932 1382 2993 annotati·

279 3026 401 3086 unculas
415 3027 453 3085 ad
469 3025 639 3085 AEscbinem
655 3045 744 3099 meas,
758 3045 825 3084 cum
834 3026 919 3086 locus
931 3025 1005 3086 alins
1014 3026 1112 3084 nullus
1122 3033 1287 3104 oportunus
1298 3025 1383 3086 dare·

278 3130 335 3192 tur,
358 3119 481 3192 contuli,
501 3119 543 3179 ita
563 3123 651 3178 omne
672 3135 793 3196 quoque
813 3117 855 3190 id,
875 3117 956 3196 quod
974 3118 1115 3196 epistolas
1129 3117 1276 3178 AEschinis
1289 3119 1382 3196 perle-

279 3212 360 3292 genti
374 3212 457 3293 milri,
468 3231 535 3273 cum
548 3231 565 3271 e
579 3211 785 3290 typographeo
794 3213 832 3272 ad
847 3231 894 3271 me
907 3209 1079 3270 afferrentur
1089 3209 1313 3287 perlustrandis,
1326 3229 1383 3288 per

280 3306 498 3368 festinationem
521 3305 722 3364 succurrebat.
765 3304 854 3364 lnitio
881 3302 957 3363 enim
985 3301 1059 3362 nihil
1087 3302 1247 3380 quicquam
1268 3304 1300 3364 in'
1317 3304 1382 3364 illas

280 3399 420 3478 epistolas
434 3397 657 3457 annotetionum
671 3395 741 3456 dare
762 3396 959 3457 decreveram.
974 3429 1013 3442 -
1026 3396 1153 3475 Propter
1166 3396 1382 3458 multitudinem

280 3511 378 3552 rerum
393 3509 450 3549 non
464 3487 551 3549 licuit
563 3489 670 3560 omnia,
684 3488 723 3549 ad
745 3489 913 3549 AEscbincm
929 3507 998 3566 qum
1014 3489 1044 3547 in
1058 3497 1177 3568 promtu
1195 3500 1303 3560 essent,
1322 3509 1382 3552 uno

281 3582 613 3662 voluminecnmplecti3
632 3601 753 3642 necesse
768 3580 825 3641 fuit
834 3586 1009 3661 apparatum
1018 3582 1131 3661 partiri,
1151 3581 1250 3643 Primo
1261 3584 1380 3662 quidem

202 3709 207 3716 ν
280 3679 310 3736 in
332 3677 489 3748 volumine,
509 3675 592 3755 quod
608 3674 673 3753 jum
691 3694 769 3736 nnnc
786 3675 890 3734 vestris
903 3684 948 3734 est
962 3676 991 3734 in
1005 3676 1152 3750 manibus,
1165 3677 1264 3748 nmini,
1278 3678 1382 3738 ridetis

280 3771 345 3850 ipsi,
361 3769 432 3847 qnid
446 3768 640 3842 exhibuerim,
655 3778 689 3828 ut
702 3767 831 3828 docendi
850 3767 928 3828 haud
948 3767 1029 3828 sitis:
1063 3768 1168 3829 Altero
1181 3778 1289 3843 autem,
1305 3770 1384 3848 intra

162 3913 169 3916 .
281 3881 394 3942 paucos
413 3881 527 3922 menses
547 3860 711 3939 prodituro,
725 3878 801 3938 ‚quae
823 3860 885 3920 sitis
903 3879 922 3919 a
941 3879 986 3919 me
1007 3861 1104 3931 laturi,
1124 3881 1219 3923 meum
1236 3872 1283 3923 est
1302 3879 1387 3923 nnnc

281 3956 379 4016 edere.
419 3954 643 4034 complectetur
664 3955 765 4032 itaque
786 3952 916 4014 secunda
935 3972 1004 4032 pars
1025 3953 1173 4014 AEschinis
1193 3957 1249 4016 mei
1262 3957 1337 4017 hsec.
1353 3958 1385 4034 1)

282 4047 435 4107 varietates
450 4047 587 4107 lectionis
598 4047 701 4107 AEscb.
717 4047 748 4106 in
761 4049 924 4108 orationem
937 4035 998 4107 secl
1012 4058 1044 4107 et
1056 4050 1183 4110 tertiam.
1203 4052 1241 4126 2)
1255 4051 1383 4112 indicem

282 4139 454 4200 Graecitatis
470 4139 646 4212 AEschineae,
665 4139 702 4199 ad
721 4141 841 4220 'paginas
860 4147 891 4200 et
909 4161 1012 4200 versus
1029 4142 1215 4221 Stephanicae
1233 4163 1386 4224 compera-

282 4242 363 4304 tum;
386 4231 529 4309 quiajam
543 4235 580 4294 A.
592 4233 1003 4298 1ucrxame-confenusest.
1038 4235 1083 4295 En
1097 4236 1128 4296 in
1142 4236 1241 4298 indice
1254 4237 1383 4298 vocabu·

282 4325 378 4386 lorum
399 4337 489 4404 atque
509 4327 641 4386 locorum
654 4323 854 4388 difficiliorem
869 4329 1028 4388 sententias
1048 4329 1170 4390 modulo
1192 4349 1256 4390 meo
1271 4331 1383 4392 hatinis

283 4419 379 4498 verbis
396 4421 540 4504 exposui.
582 4419 729 4498 copiosus
756 4431 787 4479 et
814 4419 980 4480 fructuosus
1007 4432 1071 4494 est;
1093 4433 1124 4483 et
1155 4423 1302 4502 ejusmodi
1329 4425 1385 4485 erit

282 4531 403 4592 quoque
419 4513 675 4586 Demosthenicus,
691 4533 757 4573 cum
773 4513 923 4591 prodierit.
948 4515 1008 4575 Sed
1019 4515 1096 4577 ultra
1108 4517 1254 4578 orationes
1269 4516 1383 4577 AEscbi-
