3125 5134
518 749 567 830 ·I.
615 748 983 838 TAYLORI
1094 874 1097 887 Ι

599 972 905 1043 PRAEFATIO

281 1340 613 1452 AESCHIN
625 1344 697 1450 IS
759 1344 1223 1455 EPI'STOL-AS.

202 1594 333 1671 nisus,
351 1599 393 1657 mi
418 1600 536 1672 Lector,
552 1598 699 1679 Epirtolas
721 1598 966 1678 maehinlr‚j1ee
988 1600 1102 1677 optimo
1124 1599 1298 1679 subjunctas

200 1685 251 1748 isti
274 1688 505 1764 controversie,
518 1710 587 1769 quse
610 1690 751 1750 Exsilium
774 1691 956 1769 comparavit
974 1692 1110 1763 Auctori,
1132 1702 1224 1770 alqne
1252 1694 1298 1762 his

200 1778 308 1840 Literir
323 1781 466 1859 originem
484 1783 614 1861 prebuit
627 1791 657 1843 et
670 1791 885 1862 argumentum.
925 1784 995 1855 Quo
1007 1784 1094 1844 etiarn
1114 1784 1296 1856 factumest,

201 1877 236 1928 ut
247 1877 343 1932 totum
357 1873 441 1951 qnod
456 1874 576 1953 scripsit
588 1874 753 1948 discilium,
768 1882 858 1952 atque
872 1884 989 1936 alutem
1010 1876 1086 1949 tulit,
1101 1876 1131 1937 in
1152 1896 1212 1937 nnn
1237 1878 1298 1939 hoc

200 1962 357 2024 volumine
370 1966 604 2026 concluderetur.

237 2055 302 2116 Has
313 2056 460 2136 Epistulas
470 2058 581 2139 primus
590 2058 669 2138 typis
679 2058 739 2118 suis
750 2060 860 2119 Graece
871 2059 1031 2139 descripsit
1042 2058 1148 2138 Aldus,
1158 2060 1298 2137 Venelli,
1316 2137 1317 2147 ἵ

198 2148 287 2208 Anno
295 2156 386 2212 1490.
401 2170 460 2211 una
470 2170 536 2211 cunr
548 2151 703 2210 multorum
714 2150 838 2209 aliorum
852 2150 1024 2222 Rhetorum,
1037 2150 1297 2233 Philosophorum,

100 2284 108 2306 ,
197 2238 464 2320 Sophisterumqne
487 2242 642 2322 Epistolis.
693 2240 926 2301 Recudebantur
948 2242 1056 2303 deinde
1080 2262 1296 2323 sepenumero,

156 2373 161 2387 .
198 2330 264 2391 scil.
277 2332 411 2403 uranii,
425 2334 456 2393 in
470 2332 600 2393 Offieina
613 2332 736 2411 liutgeri
754 2331 864 2403 Rescii,
878 2332 984 2392 deinde
1008 2334 1138 2410 Parisiis,
1152 2354 1206 2413 per
1227 2338 1297 2396 We-

197 2421 325 2493 elrelurn,
337 2432 429 2501 atque
442 2422 511 2483 nlibi
532 2424 717 2503 saepiuscule.
757 2423 872 2484 Primus
888 2444 938 2483 eas
958 2418 1076 2485 La'tinm
1098 2426 1170 2487 fecit
1190 2425 1296 2487 Petrus

196 2513 333 2575 Nunnius
347 2515 565 2587 Alcmarianns
575 2525 719 2593 postenm
733 2515 867 2577 Renatus
878 2516 1050 2579 Guillonius
1061 2518 1297 2581 vindocinensis.

197 2604 333 2674 Quorum
346 2606 397 2667 lric
408 2608 524 2669 notnlss
538 2608 681 2687 quasdam
693 2607 901 2688 adspergebat,
914 2628 973 2670 non
985 2611 1106 2687 quidem
1120 2611 1296 2683 ineruditas,

194 2715 293 2776 neque
306 2708 405 2760 temen
424 2694 494 2760 setis
514 2700 619 2779 dignas
641 2709 676 2761 ut
695 2702 780 2779 prelo
798 2702 902 2761 iterum
926 2720 1007 2761 ame
1032 2702 1298 2764 committerentur·

194 2789 307 2850 Lector
324 2790 401 2849 enim
422 2810 504 2851 meus
518 2792 586 2851 visis
601 2792 690 2851 semel
711 2792 756 2862 iis,
770 2810 846 2869 quas
866 2793 1002 2872 excerpsi
1019 2793 1200 2870 (utilioribus
1214 2813 1297 2867 sane,

195 2888 227 2940 et
240 2881 369 2942 melioris
381 2886 473 2959 notae)
486 2902 545 2943 non
558 2902 637 2962 agre
651 2882 726 2943 feret
739 2902 772 2942 se
786 2883 945 2944 cariturum
968 2885 1004 2944 iis
1024 2904 1099 2963 quas
1111 2886 1296 2964 praetermisi.

195 2973 273 3036 Sunt
292 2983 389 3035 temen
402 2983 547 3053 preterea
565 2983 597 3035 et
609 2974 676 3035 alia
695 2972 958 3053 interpretationes
978 2974 1088 3057 praeter
1095 2976 1296 3043 waslfienen:
1390 3046 1394 3055 ,

196 3064 250 3126 sed
264 3084 389 3145 querum
402 3067 554 3147 pleraeque
574 3066 648 3128 milri
666 3068 784 3128 nornine
798 3076 911 3129 tentum
926 3070 1133 3145 innotueruntr
1153 3072 1245 3133 veluti
1258 3092 1304 3139 ea.

196 3177 287 3237 quam
314 3158 504 3221 concinnavit
526 3161 652 3221 loannes
678 3161 811 3221 Caselius
838 3160 1077 3233 llostoolriensis3
1102 3160 1177 3225 'Alia
1202 3184 1296 3244 porro

194 3250 356 3331 Scriptoris
369 3251 504 3331 locique
517 3252 644 3322 incertis
664 3261 699 3313 ut
712 3254 847 3313 omittam
862 3268 926 3313 eam
941 3252 1030 3333 quem
1044 3256 1184 3317 Aretinus
1198 3256 1296 3332 dedit,¹

195 3342 281 3401 unius
298 3325 484 3404 soln'mmodo
497 3344 653 3425 Epirotae,
674 3346 704 3405 in
726 3344 974 3415 bibliothecarum·
991 3347 1124 3425 latebris,
1137 3358 1172 3409 ut
1190 3348 1293 3422 eredo,

193 3433 429 3513 delitescentem,
449 3455 517 3510 nec,
536 3438 619 3517 quod
641 3438 744 3509 seiam,
767 3437 847 3517 typis
873 3439 996 3517 publice
1018 3458 1196 3518 expressam.
1237 3440 1296 3502 Hir

169 3574 178 3589 .
192 3527 301 3587 addam
315 3528 428 3587 xil-¹·
441 3530 604 3607 Epistulam
618 3530 779 3592 Latinitate
791 3530 932 3591 donatam
950 3532 989 3592 ab
1003 3530 1170 3612 Anon'ymo,
1184 3544 1215 3593 et
1229 3536 1293 3595 vul·

193 3620 861 3709 gaunvembllteren.Scoto‚A.1uro.
883 3642 942 3682 unn
966 3642 1033 3683 eum
1055 3624 1201 3687 AEsclrinis
1215 3626 1297 3688 Ora*
1373 3638 1378 3643 “
1432 3620 1434 3625 ’

193 3710 387 3803 tionibus,3et
401 3712 611 3773 Demosthenis
624 3713 812 3792 quibusdam.

233 3802 345 3863 Harum
358 3806 389 3865 in
403 3805 586 3866 Recensione
601 3804 723 3882 adjutus
736 3822 800 3864 sum
817 3803 893 3866 con.
909 3804 1011 3880 MSlo,
1031 3808 1111 3870 bono
1125 3829 1207 3889 sane,
1220 3810 1292 3871 licet

192 3912 254 3955 non
273 3894 433 3957 admodum
454 3905 583 3971 vetusto,
606 3916 696 3976 quem
715 3896 889 3976 possidebat
910 3898 979 3959 olim
999 3900 1166 3963 lliclrardus
1187 3902 1290 3974 Mead,

192 4005 273 4048 nnnc
282 3978 379 4049 sufem
390 3992 501 4049 Aulon.
517 3991 634 4064 dslrew,
644 3989 764 4050 M.DD.¹
778 3998 905 4069 uterque
919 3992 1070 4053 literarum
1085 3993 1172 4055 laude
1185 3992 1290 4053 nobili·

191 4085 281 4141 tatus.
331 4081 406 4158 Ejus
433 4084 635 4161 prestantium
656 4082 877 4163 utilitatemque
903 4083 1060 4165 aliquoties
1086 4084 1292 4165 deprehendet
1336 4112 1338 4115 ·

191 4171 302 4232 lector
314 4172 345 4232 in
359 4174 453 4235 Notis
463 4192 532 4253 quer
546 4184 718 4253 sequnntur.

233 4264 335 4325 Lectre
354 4276 424 4329 sunt
443 4267 586 4349 Epistulae
604 4268 756 4332 AEsclrinis
774 4292 794 4333 a
809 4272 925 4347 Plrotio,
941 4271 1038 4352 quiin
1054 4271 1132 4333 Cod.
1144 4268 1226 4330 Llll.
1240 4288 1290 4331 eas

192 4356 398 4421 honestissimo
413 4358 471 4420 hoc
489 4362 642 4442 proecnnio
662 4364 796 4435 ornavit:
816 4366 905 4446 Τρεῖς4
916 4368 1020 4446 μόνους
1037 4368 1122 4423 αὑτοῦ
1135 4364 1205 4444 puel
1220 4386 1290 4439 γνη·

192 4453 271 4515 douc
284 4446 357 4508 tirus
373 4450 522 4533 [Λόγους]
537 4454 631 4516 eale.
644 4456 819 4526 Erreroddcz
861 4458 994 4524 Διό-τοὺς
1007 4455 1059 4537 μὲν
1073 4453 1189 4532 Λόγους
1203 4458 1290 4515 ᾱῦτῦῧ

190 4539 264 4609 τινὲς
277 4540 458 4604 ΧΑΡΙΤΑΣ
470 4549 622 4626 ὀνόμαζον,
633 4548 679 4611 διό
691 4572 720 4613 rr
730 4551 761 4615 ri
771 4550 871 4634 χόριον
882 4558 930 4614 roi
943 4549 1043 4627 λόγου,
1055 4550 1099 4609 rui
1111 4548 1160 4611 τὸν
1169 4546 1289 4631 όροθμόν
1353 4542 1358 4550 ’
