3125 5134
537 461 538 466 ,
589 488 597 494 ι
677 401 716 466 u.
739 399 775 466 r.
799 397 1019 464 marium

575 699 578 706 ¹
697 621 981 688 suenum

716 782 767 841 De
781 779 972 840 sullimitate.

337 923 518 994 Sublimitas,
532 923 570 984 de
593 941 653 1000 qua
666 941 745 984 aune
764 922 866 983 dicere
883 922 1009 994 institui,
1026 929 1074 981 est
1086 939 1122 980 ea
1135 919 1275 979 orationis
1289 919 1391 992 sutus,

296 1035 365 1095 quse
386 1033 554 1094 magnarum
575 1031 673 1076 serum
696 1015 832 1076 notiones
852 1013 954 1074 edicit.
994 1012 1095 1090 liujus
1114 1011 1229 1072 virtutis
1249 1019 1332 1072 mata
1348 1020 1395 1071 est

295 1111 350 1188 ais,
369 1116 449 1168 tenta
469 1109 532 1169 laus
550 1117 582 1168 et
593 1107 823 1179 commendatio,
836 1115 872 1167 ut
892 1105 1076 1167 hauddubie
1096 1105 1176 1164 nulla
1194 1103 1253 1163 alin
1272 1103 1394 1182 reperiri

295 1200 482 1278 possitquae
496 1199 587 1279 magis
601 1200 639 1260 ad
651 1199 828 1270 docendum,
836 1197 1045 1260 &monadum
1059 1205 1089 1256 et
1102 1194 1277 1257 movendum
1284 1197 1393 1257 ualeat.

296 1293 365 1354 llec
378 1293 481 1353 uratoi
490 1292 635 1371 preditus
652 1292 847 1354 certissimam
864 1299 897 1352 et
916 1290 998 1350 omni
1017 1289 1239 1368 comparatione
1251 1287 1394 1365 mojorem

295 1394 428 1465 reportat
441 1385 594 1446 victoriana
606 1393 637 1446 et
651 1387 813 1465 proemium.
854 1383 925 1444 Vidi
939 1403 1029 1462 saepe,
1042 1402 1111 1444 enm
1124 1381 1262 1460 quiedam
1273 1381 1314 1441 ab
1326 1397 1393 1440 ora·

296 1478 409 1539 toribus
430 1478 601 1540 dicerentur
620 1480 798 1557 sublimiter,
821 1477 989 1539 auditorum
1013 1495 1067 1536 ora
1082 1473 1235 1554 pallentia,
1257 1472 1394 1552 spiritum

295 1570 474 1649 praelusum
488 1579 641 1643 utrarum,
658 1571 808 1632 silentium
825 1571 919 1630 altum
937 1577 969 1629 et
986 1574 1144 1628 amentum.
1183 1566 1254 1634 Quo
1265 1564 1394 1642 jndicio,

295 1665 368 1745 quid
384 1667 478 1744 majus
492 1673 543 1726 eut
557 1666 749 1727 excellentius
762 1666 858 1744 possit
871 1663 1018 1742 inteiligit
1039 1663 1248 1742 incorruptum
1260 1657 1338 1719 euim
1348 1667 1396 1719 est

296 1767 326 1817 et
339 1757 464 1818 liberum
477 1766 510 1817 et
522 1757 561 1818 sb
575 1759 656 1817 omni
669 1757 846 1816 adulationis
859 1755 1028 1835 suspicione
1041 1753 1265 1815 remotissimum
1283 1761 1316 1811 et
1332 1753 1396 1830 glo-

295 1850 405 1910 riosum
424 1867 484 1907 nun
505 1848 600 1909 solum
621 1849 667 1918 iis,
689 1845 741 1927 qui
760 1847 921 1924 accipiunt,
941 1867 1042 1908 verum
1064 1848 1153 1908 etiam
1176 1843 1228 1923 qui
1251 1843 1396 1906 tribuunt.

296 1941 415 2001 Scilicet
427 1941 505 1999 inest
519 1939 549 1997 in
561 1939 690 1998 omnium
706 1937 811 1998 animis
824 1957 843 1997 a
856 1947 960 1998 natura
974 1938 1101 1998 donatus
1115 1938 1233 1997 bonesti
1245 1955 1317 1998 acer
1329 1953 1394 1998 seu-

296 2051 357 2104 sus,
367 2032 429 2111 qui,
440 2031 465 2090 sl
474 2031 515 2091 ab
524 2039 640 2090 oratore
649 2029 797 2090 excitatur
804 2035 835 2090 et
845 2030 1025 2104 accenditur,
1037 2030 1113 2092 vires
1122 2029 1211 2092 sumit
1219 2037 1251 2089 et
1260 2031 1395 2107 erumpit

297 2123 393 2201 Atqui
419 2130 449 2182 et
471 2122 528 2182 bae
549 2123 655 2182 virtute
678 2121 845 2182 AEseluinen
866 2132 1009 2201 prestare
1022 2123 1176 2183 seldenus.
1217 2120 1294 2189 Quis
1317 2121 1395 2181 enim

296 2227 357 2277 non
377 2224 533 2275 moveatur
546 2225 577 2275 et
596 2215 721 2275 cratoris
742 2216 928 2276 honestatem
941 2216 1118 2293 virtutisque
1131 2212 1334 2274 excellentiam
1348 2231 1397 2272 su·

297 2308 404 2387 spiciat
414 2316 445 2368 et
458 2307 629 2384 admiretur,
642 2324 710 2368 eum
721 2308 793 2386 legit
805 2327 851 2380 ea,
865 2325 933 2387 qum
944 2309 1097 2370 AEseblaes
1107 2315 1211 2368 eontra
1226 2299 1397 2384 improbite-

295 2409 356 2463 tem
378 2398 544 2459 sublimiter
558 2400 631 2460 dlxii
644 2406 682 2477 (r.
696 2401 824 2480 Τιμάρχ.
839 2408 862 2475 5.
875 2394 928 2470 λζ’.
940 2399 1005 2477 fin.)
1018 2406 1057 2481 ps)
1072 2405 1128 2479 γζηο
1149 2399 1254 2471 οἴεσθε,
1268 2393 1291 2455 d
1306 2397 1397 2468 Ἀθη-

298 2499 383 2570 ναῖοι,
391 2497 444 2557 τας
459 2501 514 2552 τῶν
527 2492 703 2574 ἀδικημάτων
713 2497 807 2578 ἀρχὸς
820 2496 878 2554 ἀπὸ
891 2498 972 2566 θοῦν,
986 2498 1052 2554 αλλ’
1065 2495 1120 2574 οὐχ’
1135 2496 1181 2552 ὕπ’
1194 2491 1352 2572 ἀνθρόπον
1365 2494 1400 2549 d·

300 2589 434 2659 σὲλγῑῑας
449 2584 594 2658 γίνεσθαι,
606 2585 675 2663 μηδὲ
688 2585 753 2653 τούς
764 2585 951 2662 ἠσεβηκότας,
962 2585 1090 2666 καθάπερ
1103 2587 1134 2645 ἕν
1144 2593 1206 2650 ταῖς
1219 2583 1399 2664 τραγρδίαις,

298 2677 400 2744 ποινὰς
423 2677 553 2737 ῖλαύνειν
574 2679 620 2737 καὶ
638 2680 764 2750 κολάζειν
786 2681 871 2759 δρσὶν
889 2683 1038 2759 ἡμμέναις,
1053 2681 1120 2736 ἀλλ’
1133 2679 1164 2736 αῖ
1183 2683 1330 2755 προπετεῖς
1351 2683 1400 2734 τοῦ

300 2777 428 2848 σώματος
440 2769 549 2841 ἡδοναὶ,
563 2775 609 2830 rel
622 2772 654 2832 τὸ
667 2771 755 2850 μηδὲν
766 2772 865 2831 ἱκανὸν
873 2769 1019 2844 ἡγεῖσθαι,
1030 2777 1119 2829 ταῦτα
1133 2774 1238 2848 πληροῖ
1250 2771 1285 2826 τὰ
1298 2771 1401 2852 ληστη-

296 2883 355 2940 ρια,
373 2864 447 2921 ταῦτ’
461 2865 501 2927 ele
520 2863 570 2920 τὸν
582 2861 806 2940 ἐπακτροκέλητα
819 2859 980 2940 ἐμβιβάζει,
994 2860 1086 2921 ταῦτά
1098 2861 1175 2922 ἐστιν
1187 2859 1292 2938 ἑκάστην
1306 2864 1399 2930 ποινὴ,

181 2959 185 2964 “
297 2955 386 3012 ταῦτα
400 2954 615 3028 παρακελεύεται
628 2961 687 3020 τοῖς
708 2957 782 3019 νέοις
798 2954 930 3033 σφάττειν
948 2951 1014 3019 τούς
1033 2954 1165 3024 πολίτας,
1179 2953 1326 3030 ύπηρετεῖν
1338 2960 1398 3018 τοῖς

298 3047 456 3121 τυράννοις,
471 3049 678 3114 συγκαταλύειν
691 3045 742 3102 τὸν
755 3045 852 3123 δῆμον.
867 3048 901 3102 ob
921 3048 977 3122 γὰρ
994 3050 1046 3116 την
1058 3051 1210 3126 αἰσχύνην,
1228 3046 1293 3117 οὐδ’,
1306 3050 1325 3106 d
1339 3053 1398 3106 uel·

299 3155 399 3196 σανται
412 3135 574 3213 ληφθέντες,
595 3135 770 3207 λογίζονται·
788 3137 855 3192 ἀλλ’
874 3135 914 3212 ἐφ’
932 3135 977 3202 οῖς
995 3142 1223 3215 κατορθώσαντες
1242 3137 1400 3216 εύφρανθύι·

299 3249 407 3296 σονται,
428 3229 536 3288 τούτοις
556 3227 731 3295 κεκήληνται.
753 3225 878 3304 ἐξαιρεῖτ’
897 3223 957 3296 οὖν,
979 3221 1173 3299 οῖἈθηναῖαι,
1193 3231 1244 3294 τὰς
1266 3235 1399 3297 τοιαύτας

297 3323 404 3398 φύσεις,
416 3319 462 3375 καὶ
475 3319 511 3376 τὰ
523 3323 580 3374 τῶν
590 3321 662 3375 νέων
675 3319 828 3396 ζηλώματα
843 3317 885 3375 ἐτ’
895 3319 998 3396 ἅρπην
1009 3317 1216 3395 προτρέψασθε.
1255 3320 1332 3392 Jam,
1344 3323 1399 3381 etsi

300 3411 343 3468 ris
363 3407 506 3468 orationis
528 3425 547 3466 α
568 3407 703 3485 quolibet
721 3407 833 3469 lecture
853 3409 941 3468 facile
961 3411 1115 3488 sentiatur,
1128 3420 1227 3471 tamen
1246 3431 1324 3491 opus
1342 3414 1400 3473 erit

300 3501 367 3560 lrmc
381 3498 558 3572 exsmiuare,
572 3507 607 3558 ut
626 3518 663 3560 ue
677 3511 786 3560 temere
804 3500 1014 3561 sublimitatem
1036 3502 1106 3562 lruic
1119 3502 1187 3563 loeo
1205 3505 1342 3564 tribuisse
1357 3504 1399 3563 vi·
1454 3573 1460 3586 .

236 3607 247 3622 “
299 3592 430 3652 duamur.
472 3591 549 3652 (lum
568 3591 657 3670 igitur
670 3593 767 3653 omnis
782 3593 947 3654 sublimitas
967 3594 1081 3654 oriatur
1101 3610 1138 3654 ex
1150 3595 1256 3667 tribus,
1274 3597 1399 3674 primum

300 3705 335 3743 ex
359 3682 503 3743 mnteutia
524 3703 676 3762 generosa,
694 3685 803 3748 deinde
827 3705 864 3747 ex
886 3687 1101 3765 compositione
1123 3685 1289 3766 splendida,
1313 3688 1399 3747 deni·

301 3795 360 3852 qne
374 3795 411 3835 es
424 3775 521 3836 verbis
540 3779 677 3854 grauibus
699 3787 729 3838 et
747 3779 961 3857 grandioribus,
978 3780 1044 3855 jam
1064 3780 1103 3838 de
1117 3779 1161 3840 luis
1175 3779 1298 3858 siugulis
1313 3795 1397 3857 sepa·

300 3868 385 3926 ratim
410 3867 580 3928 videndum.
622 3870 705 3940 Quid
730 3889 833 3949 quieso
857 3873 1025 3950 generosius
1052 3868 1110 3932 bac
1136 3874 1300 3932 sententie:
1329 3875 1398 3932 Nou

302 3968 370 4020 sunt
384 3979 402 4020 a
414 3959 470 4020 diis
484 3965 644 4042 repetenda
658 3965 732 4024 male
745 3965 891 4025 factorum
905 3965 997 4038 initia,
1010 3967 1063 4027 sed
1078 3967 1119 4026 ab
1136 3966 1325 4046 improbitate
1345 3965 1399 4024 bo·

302 4053 421 4114 minum.
463 4057 539 4124 Quae
561 4073 650 4135 porro
663 4057 847 4136 splendidior
859 4060 1048 4138 compositio,
1063 4076 1151 4138 qnam
1165 4079 1294 4138 emaque
1308 4060 1397 4119 estin

300 4144 345 4203 llis
358 4146 473 4208 verbis:
492 4155 581 4208 ταῦτα
594 4154 696 4228 πληροῖ
716 4156 751 4208 rd
765 4155 913 4235 λῃστήρια,
932 4153 1007 4211 ταῦτ’
1020 4156 1063 4219 εἷς
1075 4161 1136 4213 etc.
1150 4160 1181 4212 et
1192 4152 1290 4213 statim
1311 4153 1399 4232 σφύτ-

175 4303 177 4308 .
300 4261 356 4296 ταν
375 4235 585 4310 tolerabitur,
604 4244 748 4316 ὑπηρετεῖν
758 4251 818 4302 etc.
859 4243 936 4311 Quae
951 4243 1078 4322 denique
1091 4245 1224 4322 graviora
1238 4244 1329 4304 verba
1342 4243 1398 4303 ell-

208 4339 212 4346 ’
298 4347 364 4406 gere
375 4329 474 4407 potuit
487 4341 595 4404 orator,
612 4352 699 4410 quem
714 4334 818 4406 huec‚e
831 4335 940 4412 quibus
954 4336 1104 4396 difficilius
1116 4345 1162 4396 est
1174 4338 1292 4415 eligere,
1309 4353 1397 4415 quam

298 4422 426 4499 reperire
440 4421 547 4512 gravia.
590 4425 632 4481 Ex
654 4425 727 4484 locis
752 4425 897 4485 similibus
919 4446 1009 4486 uuum
1028 4427 1129 4487 adbuc
1149 4428 1396 4497 commemorabo,

300 4510 350 4586 qui
364 4513 402 4572 ab
417 4513 518 4574 cedern
532 4515 639 4576 virtute
654 4517 884 4578 commendatur.
929 4518 1010 4578 Dicit
1028 4518 1130 4598 aliquo
1143 4520 1173 4581 in
1187 4521 1255 4583 loeo
1272 4525 1310 4598 (ι.
1322 4521 1399 4592 Κτη-
