3125 5134
297 419 364 484 xlvi
763 429 949 489 οοιοιον
1042 391 1049 396 ”

296 587 365 668 περὶ
383 561 510 648 πολλοῖι
528 551 681 648 ποιεῖσθαι
695 583 751 650 τὸν
767 588 980 667 Δημοσθένην,
997 585 1041 660 ῶς
1059 591 1108 653 καὶ
1121 579 1390 668 διδάσκαλον-ἐμαί

296 679 578 764 γενόμενον-παρ’
592 680 687 745 αύτοῡ
701 680 775 765 γάρ,
791 681 830 745 ού
843 686 899 764 μὲν
908 683 965 757 τὴν
979 679 1133 758 δεινότητα
1140 683 1197 756 τὴν
1210 683 1245 746 έν
1254 690 1321 756 τοῖς
1333 681 1390 764 λό-

295 803 377 862 γοις,
393 781 572 861 στενοτέρας
591 774 689 854 ούσης
702 787 757 852 τῆς
770 779 891 861 φύσειύς
902 805 964 860 μου
982 778 1002 854 ἢ
1016 780 1092 850 ὥστε
1105 782 1234 864 πρᾶγμα
1251 776 1390 864 τηλικαύ-

294 899 351 940 τον
372 875 409 938 τὸ
429 871 560 958 μέγεθος
579 883 705 960 χωρεῖν,
723 872 811 939 ἆλλά
831 902 868 954 γε
888 877 945 940 τὸν
965 875 1176 958 Ἑλληνισμὸν
1196 875 1390 961 ύμωσγέπως

296 969 464 1053 ἔμαθον-η
476 977 523 1037 καὶ
536 981 591 1047 τῆς
605 977 673 1058 περὶ
685 973 780 1038 αὐτὸν
793 969 888 1048 δόξης
899 972 1173 1060 πολλοστημόριόν
1185 1000 1214 1038 τι
1227 977 1272 1049 εἷς
1285 975 1389 1040 τὸτοῦ

298 1067 438 1155 Βολφίου
452 1072 552 1152 ὄνομα
566 1068 1006 1156 μετοχετεύσαντα-ούδαμού
1020 1073 1094 1158 γὰρ,
1108 1073 1152 1146 ὡς
1166 1071 1259 1155 οἶμαι,
1274 1069 1390 1148 λατιηί·

298 1163 363 1240 ζων
383 1169 402 1231 ὁ
417 1169 622 1250 Δημοσθένης
635 1165 919 1251 ιἰναγνωσθίησεται,
933 1171 1014 1233 ὅπου
1027 1171 1070 1252 μή
1083 1195 1165 1245 τινες
1177 1173 1241 1234 τῶν
1254 1171 1389 1246 ἐπιεικῶς

265 1336 270 1345 ,
297 1264 436 1348 ἐχόντων
450 1269 499 1329 καὶ
517 1269 561 1349 τῷ
582 1263 756 1349 ἐπηρεάζειν
776 1265 815 1332 ού
837 1267 1011 1351 χαιρόντων
1029 1264 1328 1348 ιἰναμνησθήαονται,
1342 1269 1390 1332 ότι

297 1362 423 1444 πρῶτος
437 1365 456 1426 ά
472 1360 611 1446 Βόλφιος
623 1363 707 1446 πρὸς
725 1367 768 1446 τῷ
790 1360 918 1447 Ἀττικῷ
930 1358 1089 1448 τριβωνίῳ
1108 1365 1164 1428 τὸν
1182 1365 1389 1446 Δημοσθένην

297 1462 346 1522 καὶ
355 1454 526 1544 Ῥωμαϊκὴν
535 1454 693 1543 τύβεννου
704 1456 953 1536 έπενδύσαιτιν-,
963 1462 1049 1540 ὅμως
1060 1455 1092 1524 δί
1102 1457 1249 1524 πλεῖστον
1263 1457 1389 1546 ύπέχειν

295 1555 338 1620 av
352 1557 481 1638 ἐμαυτὸν
494 1552 674 1641 βουλοίμην
694 1559 818 1634 ταύτης,
834 1557 890 1622 εἴτε
905 1557 1055 1633 εὐήθειαν,
1071 1555 1127 1620 εῖτε
1140 1551 1317 1633 αὐθάδειαν,
1333 1557 1389 1628 εἴτε

297 1659 345 1718 καὶ
361 1650 478 1718 ἀδικίαν
494 1656 556 1740 χρὴ
570 1652 685 1738 λέγειν,
699 1655 774 1720 ὥσθ’
790 1653 1025 1741 ὁμολογουμένη
1039 1659 1088 1720 καὶ
1103 1648 1339 1740 ιἰποδεδειγμίνρ
1350 1658 1390 1740 τῇ
1512 1687 1517 1701 ,

297 1749 428 1836 άληθείρ
449 1750 630 1836 άντιλέγειν.
644 1749 758 1835 πολλῶ
773 1749 804 1818 δὲ
817 1756 935 1818 τούτων
950 1753 991 1819 έτι
1008 1753 1300 1838 ιἰγυωμουεστέρους
1314 1752 1390 1819 εἶναι

298 1846 429 1929 νομίζω,
449 1851 523 1920 τοὺς
543 1848 582 1910 τὰ
604 1845 847 1932 προϋπάρξαντα
865 1851 966 1915 πάντα
990 1853 1072 1936 πρὸς
1091 1840 1322 1916 τὸτελευταῖον
1344 1853 1390 1916 ἐκ·

299 1942 405 2028 βάντα
421 1946 592 2028 κρίνοντας·
611 1943 684 2029 ούχὶ
696 1939 731 2016 δὲ
747 1946 933 2029 ιἰγνύμονος
947 1948 1059 2035 μόνον,
1074 1945 1159 2012 ιἰλλᾶ
1174 1953 1222 2013 καὶ
1235 1946 1308 2017 λίαν
1322 1948 1390 2024 εύή-

299 2039 372 2116 θεις,
383 2043 414 2105 οῖ
426 2067 507 2115 τινες
517 2030 604 2105 αύύοὶ
615 2044 688 2124 μήτε
701 2042 739 2105 τὰ
752 2039 814 2106 ’ίδια
827 2045 901 2125 μέητε
913 2044 952 2108 τὰ
966 2044 1052 2108 κοινιὶ
1066 2040 1188 2111 διοικεῖν
1202 2040 1326 2122 είδότες,
1338 2072 1391 2130 με·

296 2138 334 2202 τὰ
355 2139 507 2210 τοσαύτας
532 2139 607 2202 ἐτῶν
629 2135 793 2222 περιόδους
807 2136 1028 2220 Δημοσθένους
1042 2146 1091 2212 καὶ
1111 2143 1285 2227 Κικέρωνος
1308 2138 1392 2220 διδα·

300 2233 438 2309 σκάλους
461 2235 587 2311 ἑαυτοὺς
609 2239 798 2313 καθιστῶσιν,
811 2240 875 2303 τῶν
890 2239 1017 2305 πάντων
1031 2241 1094 2305 τῶν
1108 2237 1178 2306 καθ’
1196 2240 1321 2314 ἑαυτούς
1335 2238 1389 2324 άρ·

300 2335 425 2419 χύντων
440 2358 470 2397 τε
486 2338 534 2398 καὶ
546 2337 655 2420 σοφῶν
670 2329 864 2399 διδασκάλων
874 2337 1094 2420 γεγενημένων.
1110 2337 1148 2401 ού
1162 2333 1345 2421 λογίζονται
1359 2331 1390 2413 δὲ

299 2430 329 2492 αἱ
341 2427 545 2517 Ἀρίσταρχοι
559 2432 654 2510 οὗτοι,
671 2433 720 2498 ὅτι
730 2433 805 2514 μετὰ
816 2433 855 2496 τὰ
867 2434 1033 2518 πράγματα
1048 2438 1096 2498 καὶ
1110 2437 1129 2500 ό
1141 2435 1248 2520 τυχῶν
1267 2433 1390 2519 ἄνθρω-

298 2551 361 2621 πμς
373 2527 413 2591 τὰ
428 2525 594 2613 σφάλματα
611 2533 674 2594 τῶν
692 2532 910 2621 πραττομένων
924 2533 1112 2606 κατενόησεν·
1130 2531 1218 2618 άπερ,
1232 2539 1309 2616 πρὶν
1329 2535 1392 2598 ἐπι·

299 2627 490 2710 χειρηθῆναι,
516 2631 565 2690 καὶ
593 2629 667 2700 τοὺς
691 2626 943 2711 φρονιμωτάτους
966 2629 1029 2692 τῶν
1055 2623 1180 2712 τἰνδρῶν
1201 2626 1389 2712 παρέλαθεν.

299 2720 385 2788 τἰλλιὶ
410 2723 473 2808 γὰρ
493 2731 560 2800 τοῖς
581 2723 742 2809 ιἰγνῶμοσι
763 2725 884 2797 τούτοις
907 2731 1033 2809 κριταῖς,
1055 2729 1102 2789 καὶ
1118 2730 1230 2810 σοφοῖς
1244 2728 1300 2807 μὲν
1315 2724 1392 2803 εἶναι

297 2823 590 2904 προσποιουμένοις,
608 2825 685 2892 νοῶν
704 2817 731 2887 δ’
746 2821 802 2887 ούκ
822 2819 960 2906 έχονσιν,
974 2823 1120 2896 ίκανῶςύ
1140 2848 1171 2886 τε
1187 2825 1391 2905 Δημοσθένης
1455 2878 1460 2891 .

299 2919 333 2982 ἐν
346 2921 390 3002 τῷ
404 2911 481 3004 περί
493 2919 656 3005 στεφάνου,
673 2922 721 2984 καὶ
743 2919 879 3004 Κικέρων
902 2918 935 2984 ἐν
956 2926 1023 2992 ταῖς
1044 2916 1222 2993 ἐπιστολαῖς
1235 2916 1391 2986 ιἰπυλελό·

299 3043 418 3101 γηνιιιι.
431 3019 572 3101 περιττὸν
592 3019 700 3081 τοίνυν
722 3012 761 3081 ἂν
784 3016 828 3090 εἴη
842 3014 971 3088 πλείους
984 3021 1053 3103 περὶ
1071 3019 1190 3082 τούτων
1203 3019 1392 3104 ποιήσασθαι

299 3113 373 3186 τοὺς
393 3109 522 3196 λόγους·
540 3108 682 3176 άλλωστε
703 3113 913 3196 πάντωνετῶυ
936 3111 968 3176 εὖ
983 3115 1185 3198 φρονούντων
1198 3115 1391 3199 ἐγνωκότων,

300 3210 346 3272 ὅτι
361 3207 418 3272 ούκ
437 3209 588 3293 αὐτάρκης
606 3209 721 3283 ἐστίνὴ
740 3207 923 3293 ἆνθρωπίνη
942 3214 1092 3297 φρόνησις
1103 3216 1177 3295 μήτε
1191 3211 1321 3281 κωλύειν
1335 3215 1392 3292 τὰς

301 3302 578 3380 θεηλάτους-κατ’
586 3303 755 3391 Εὐριπίδην
770 3306 970 3390 φάναι-τῶν
984 3313 1163 3394 συμφορῶν,
1177 3307 1392 3394 μίπέύδαιμο·

300 3407 370 3477 νίας
384 3405 548 3487 ἐπιτυχεῖν.
562 3403 648 3484 ὅμως
662 3398 694 3467 δέ
704 3429 753 3486 γε,
769 3400 904 3490 καθάπερ
917 3404 950 3470 ’έν
965 3432 996 3470 τε
1010 3414 1077 3480 τοῖς
1091 3410 1240 3492 χειμῶσιν
1254 3407 1348 3492 ἔργον
1362 3412 1392 3474 τί

287 3501 361 3584 Ιἔστι
375 3505 429 3588 τοῖι
445 3497 647 3585 κυβερνητοῦ,
663 3505 768 3585 καίπερ
785 3499 913 3577 ιἰσθενὲς
926 3499 1082 3589 ὑπάρχον,
1092 3508 1209 3586 ὁμοίως
1220 3502 1253 3570 δὲ
1265 3510 1314 3571 καί
1328 3509 1392 3582 τῶν

297 3600 450 3682 γεωργῶν
465 3601 497 3663 έν
511 3601 555 3682 τῷ
570 3594 732 3682 γίγνεσθαι
754 3599 811 3677 τὸν
825 3607 923 3673 σῖτον,
939 3603 1024 3666 εἶκαὶ
1040 3599 1206 3678 πολλάκις,
1222 3607 1279 3668 νῶν
1292 3609 1348 3687 μὲν
1361 3607 1393 3668 αί

301 3690 448 3779 χάλαζαι,
464 3700 518 3759 νῦν
541 3691 572 3760 δέ
593 3697 623 3760 οί
647 3701 799 3788 κεραυνοί,
815 3701 872 3763 νῦν
887 3693 918 3762 δὲ
932 3700 962 3761 αί
975 3694 1150 3782 ’ἐπομβρίαι
1170 3702 1213 3774 εἰς
1227 3725 1392 3784 ματαιοπο-

302 3796 372 3857 νίαν
386 3795 556 3877 περιῖοτᾶσι
577 3795 682 3858 πᾶσαν
701 3796 820 3860 τούτων
838 3796 896 3868 τὴν
918 3792 1117 3878 φιλοπονίαν·
1138 3794 1239 3874 ούτως
1262 3796 1308 3862 ἆεί
1323 3825 1392 3874 πως

302 3895 350 3955 καὶ
365 3917 401 3976 τη
416 3886 524 3976 βουλῇ
533 3891 696 3982 μάχεταιιὴ
710 3894 802 3977 τύχη,
815 3893 890 3974 μήτε
903 3893 1051 3965 παύονται
1064 3894 1217 3980 πρότερον
1231 3895 1317 3960 αύται
1330 3893 1393 3960 δια·

227 4031 231 4046 .
301 3989 471 4074 μαχόμεναι
494 3989 551 4053 τὸν
574 3986 845 4074 ἀλλοπρόσαλλον
867 3986 946 4074 ύρην
970 3989 1095 4074 ἔχουσαι
1108 3988 1293 4077 βραβευτὴν
1311 3994 1392 4078 πρὸς

302 4083 459 4162 άλλίηλας,
475 4089 551 4170 πρὶν
570 4084 590 4160 ἢ
611 4087 641 4149 αἱ
662 4081 805 4170 ἐκβάσεις
818 4087 875 4161 τὴν
894 4084 1126 4154 άκατάλλακτον
1139 4086 1328 4174 φιλονεικίαν
1341 4118 1391 4166 κα·

301 4185 497 4248 ταπαύσειαν.
528 4180 598 4247 ούτε
619 4183 681 4268 γὰρ
703 4183 827 4248 τὰιτῶν
848 4182 1026 4269 ιἰνθρῶπων
1050 4186 1111 4273 ἔχει
1136 4183 1271 4274 καθάπερ
1295 4189 1315 4264 ἡ
1337 4195 1392 4254 τού

302 4280 407 4359 ἡλίου,
424 4280 479 4345 εῖτε
490 4274 687 4366 περιδρομὴν,
701 4281 758 4346 εἴτε
770 4281 943 4372 περιφορὰν
957 4279 1028 4349 δέον
1040 4287 1144 4368 εἰπεῖν.
1159 4285 1251 4360 οιίτος
1261 4290 1317 4370 μέν
1329 4285 1391 4371 γὰρ

231 4457 236 4466 .
303 4374 551 4463 ιἰπαραλλύιπως
572 4375 636 4442 άπό
654 4375 680 4440 τ’
695 4375 850 4454 ἀνατολῆς
873 4381 916 4453 εἷς
938 4375 1037 4458 δύσιν,
1053 4379 1214 4447 κᾶντεῦθεν
1236 4381 1392 4449 ιἰνύπαλιν

304 4477 430 4560 φέρεται.
452 4475 564 4561 τὸγὰρ
580 4474 674 4541 αὐτὸν
689 4479 754 4541 τοτὲ
774 4480 830 4558 μὲν
846 4476 906 4544 ὑπὸ
918 4480 1020 4563 νεφῶν
1034 4477 1266 4559 ἐπισκιάζεσθαι,
1279 4485 1347 4554 τοτὲ
1362 4477 1393 4547 δὲ
