3125 5134
287 400 341 464 xiv
594 399 620 467 l.
646 399 672 464 Ι.
697 400 737 465 R.
761 401 826 465 AD
851 396 1105 464 AESCHINEM

287 557 348 619 cati
361 557 474 620 iaciunt
493 563 554 622 'ibo
568 557 698 620 thaleros
720 561 912 640 germanicos,
929 581 996 622 cum
1011 559 1126 638 aiiquot
1146 556 1325 617 thaierorum
1339 575 1390 615 err·

288 669 383 711 ceusu.
424 651 501 710 Nam
518 659 620 712 exacte
635 653 658 712 ri
673 661 818 724 numeres,
831 661 874 716 oc
885 653 988 714 ducati
1004 651 1180 730 mquimient
1190 655 1239 725 (ut
1251 667 1330 708 nuuc
1344 657 1390 708 est

287 746 369 805 nior
382 745 496 822 ducati)
517 753 574 807 102
596 747 714 808 thtieris
732 749 917 826 germanicis.
957 749 1120 809 iusumtum
1134 765 1208 826 ergo
1221 755 1267 806 est
1280 745 1311 805 in
1325 745 1391 804 baec

286 838 343 899 tria
364 839 570 900 voluminaad
594 845 655 904 760
675 841 802 902 ducatos
826 841 1021 915 hoiiandicos,
1042 841 1121 900 nitra
1142 845 1225 900 2100
1247 838 1391 898 thaleros.

288 929 379 1000 Quod
405 932 507 996 mirum
531 932 640 992 nemini
662 931 821 1005 videbitur,
841 935 894 1012 qui
916 935 1037 1012 cogitet,
1061 933 1165 1013 quanti
1186 929 1317 994 artifices
1337 947 1391 989 no·

288 1031 393 1083 strates
406 1041 512 1104 operas
526 1043 593 1085 suas
607 1026 716 1099 locent,
731 1027 905 1098 chartarius,
916 1027 1129 1106 typographus,
1139 1023 1389 1104 cbfllwssflpifflt,

288 1133 414 1176 excusor
426 1117 591 1178 tabularum
605 1118 634 1178 in
646 1137 704 1178 sere
717 1119 897 1190 caelatorum,
914 1119 1016 1197 quanti
1029 1124 1182 1178 corrector
1194 1115 1390 1196 sphaimatum
1424 1161 1430 1170 ,

289 1209 584 1288 typographicorum,
613 1211 718 1289 quenti
744 1220 881 1271 constent
908 1211 1084 1271 munuscula
1110 1209 1249 1270 ministris
1280 1207 1390 1281 danda,

289 1300 391 1379 quanti
415 1302 623 1364 commercium
652 1303 810 1362 iitertrium
838 1321 927 1380 super
952 1304 1010 1363 hoc
1039 1302 1160 1380 negorio
1184 1299 1391 1362 exercendum.

129 1393 135 1406 ⁸
180 1398 184 1412 ¹
289 1389 365 1452 inde
388 1391 427 1452 ad
453 1393 511 1452 hcc
531 1393 592 1453 diei
612 1413 671 1453 non
691 1395 863 1475 recuperavi
884 1403 996 1472 paratas
1017 1401 1049 1452 et
1071 1399 1232 1453 numeratae
1244 1391 1392 1470 peouuioe,

290 1483 344 1543 uisi
362 1489 422 1544 504
437 1483 575 1556 tbuieros,
588 1486 800 1563 oequimientes
814 1486 931 1545 duoetis
944 1489 1006 1546 luc
1018 1485 1146 1556 circiter,
1161 1491 1195 1544 ut
1216 1484 1323 1563 cuique
1337 1501 1392 1561 po·

290 1577 360 1638 terit
373 1597 410 1638 ex
425 1577 523 1638 indice
536 1579 686 1638 nominum
707 1587 843 1638 constare
860 1597 972 1650 eorum,
986 1577 1039 1655 qui
1057 1595 1126 1637 cum
1140 1597 1175 1636 ex
1197 1585 1288 1654 pacto
1301 1575 1392 1635 debe·
1431 1604 1435 1613 ·

290 1679 356 1730 rent
370 1679 632 1750 praenumeratores
647 1683 721 1742 esse,
736 1669 925 1730 committunt
937 1670 1073 1748 pierique
1087 1676 1121 1728 ut
1132 1689 1209 1748 tegre
1223 1667 1297 1728 fiunt
1310 1676 1392 1747 post·

291 1771 497 1823 numeratores.
542 1761 619 1820 Mihi
643 1763 755 1821 interea
775 1763 814 1821 de
832 1781 899 1821 meo
918 1767 1130 1842 προεισοιστέον
1148 1761 1203 1820 eu't.
1245 1759 1393 1820 Videntur

290 1855 426 1934 pictique
442 1853 511 1912 mihi
524 1871 582 1913 nou
597 1851 699 1925 fidere,
708 1862 741 1912 ct
755 1872 823 1912 cum
837 1855 989 1913 Sannione
1001 1855 1181 1932 Terentiano
1196 1873 1279 1932 spem
1293 1853 1392 1932 pretio

291 1963 388 2008 emere
410 1946 498 2006 noiic.
542 1944 623 2013 Quid
645 1946 669 2005 si
687 1963 743 2024 ego
755 1944 919 2018 vobiscum,
933 1965 954 2004 o
968 1945 1051 2022 boni,
1066 1947 1131 2025 pari
1148 1947 1240 2005 modo
1254 1947 1393 2025 ageremi

292 2039 468 2118 Unquenme
482 2057 528 2100 res
541 2037 750 2099 coeiescereti
772 2039 908 2098 Fieretne
922 2057 1053 2116 unquam
1066 2039 1121 2108 sic,
1136 2047 1171 2098 ut
1184 2039 1283 2115 operis
1303 2037 1394 2116 hujus

292 2134 338 2192 rei
364 2151 453 2191 unum
473 2131 577 2191 ioiium
602 2131 821 2192 excudereturi
849 2131 914 2211 Ego
935 2141 1062 2191 vestram
1090 2147 1173 2210 spem
1200 2130 1298 2211 pretio
1325 2149 1392 2190 meo

291 2211 417 2284 marimo
430 2242 506 2296 emo,
519 2243 573 2283 vos
587 2234 684 2284 restro
699 2223 813 2284 minuto
824 2243 922 2284 meam
936 2240 1035 2284 emere
1047 2241 1107 2282 non
1120 2221 1232 2283 vuitisi
1253 2223 1327 2283 Uter
1338 2223 1393 2282 ini·

291 2315 378 2395 quior
391 2319 458 2378 esti
480 2317 544 2394 Ego
558 2334 627 2376 vero
641 2315 678 2376 ad
694 2315 841 2394 oequiores
853 2335 901 2376 me
916 2315 1071 2376 demittam
1084 2313 1281 2376 conditiones.
1321 2315 1393 2374 Non

292 2427 412 2487 poscent
423 2409 625 2488 imposterum,
637 2418 669 2469 ut
681 2409 913 2488 prreuumeretis,
923 2409 980 2468 uisi
995 2409 1019 2468 si
1034 2408 1087 2486 qui
1097 2416 1202 2487 sponte
1211 2427 1264 2467 sua
1272 2405 1392 2467 facient.

292 2499 396 2562 Velitis
418 2501 506 2562 modo
527 2502 565 2562 de
588 2501 713 2564 emendo
731 2501 879 2581 spondere
896 2501 949 2562 nbi
970 2500 1082 2562 editum
1097 2501 1235 2560 volumen
1249 2499 1393 2578 quodque

290 2592 391 2656 fuerit.
431 2595 490 2654 Sed
502 2594 552 2654 stit
563 2595 681 2655 Latium
696 2595 944 2674 interpretationis
957 2613 976 2654 a
990 2593 1191 2654 Demosthene
1205 2611 1271 2653 meo
1288 2593 1394 2652 absen-

176 2678 180 2686 *
290 2687 361 2749 tiam
383 2697 556 2766 queruntur,
578 2688 628 2748 aiii
648 2689 761 2748 malunt
779 2685 869 2748 finem
887 2687 986 2767 operis
1005 2695 1189 2765 exspectare,
1203 2692 1343 2762 negantes
1360 2703 1392 2742 se

288 2789 350 2841 tum
371 2779 572 2852 stultos-iore,
594 2788 639 2851 ut,
658 2781 740 2859 qnod
760 2781 846 2840 aiunt
869 2779 969 2859 vuigo,
989 2786 1101 2838 cattum
1122 2778 1153 2836 in
1173 2795 1263 2836 sacco
1283 2784 1392 2836 emunt.

291 2872 351 2935 Ubi
372 2891 494 2952 prorsus
514 2871 681 2952 perfectum
694 2871 796 2943 inerit,
811 2881 903 2950 atque
922 2871 1104 2947 absolutum,
1117 2877 1249 2930 emturos
1262 2876 1325 2928 tum
1339 2868 1392 2928 de·

291 2985 368 3027 ntum
383 2964 540 3043 recipiunt,
555 2965 677 3025 carioris
695 2965 795 3038 etiem,
809 2983 900 3041 qnam
921 2981 1001 3023 nuno
1018 2960 1146 3040 possint,
1159 2961 1271 3021 incerta
1284 2978 1347 3038 spe,
1362 2959 1393 3020 iu

202 3109 209 3116 .
290 3057 361 3119 vitre
375 3076 448 3117 mess
461 3056 629 3116 discrimine
644 3064 774 3116 natante.
806 3057 897 3134 Saepe
910 3056 1003 3135 incipi
1015 3055 1165 3131 ejusmodi
1178 3073 1269 3134 opera
1280 3055 1394 3134 maguis

290 3169 358 3210 cum
373 3147 628 3228 promissionibus.
665 3148 855 3208 Emtoressic
869 3146 960 3206 aiiici.
1000 3148 1095 3208 Penio
1108 3155 1177 3227 post
1190 3147 1293 3220 insisti,
1308 3167 1393 3230 spem

291 3241 442 3321 pubiicum
456 3239 569 3318 decipi.
610 3239 755 3317 Exempia
775 3248 919 3319 prostare.
960 3239 1029 3300 Huc
1041 3241 1106 3319 ipsa
1118 3241 1150 3300 in
1164 3240 1238 3300 urbe
1251 3240 1331 3301 band
1351 3233 1416 3302 ita'

291 3334 405 3415 pridem
426 3332 475 3393 edi
493 3339 621 3410 creptum
643 3351 707 3392 esse
721 3332 830 3393 iibrum
844 3333 1002 3392 Groecum:
1024 3330 1111 3409 cujus
1131 3332 1171 3394 ud
1190 3333 1304 3394 cuiceru
1324 3353 1394 3394 cnm

292 3435 371 3487 esset
391 3433 576 3504 perventum,
590 3433 706 3503 partem
725 3425 795 3485 iibri
816 3425 969 3504 optimam,
981 3423 1068 3501 cujm
1089 3425 1179 3485 soiius
1199 3445 1290 3487 cause
1306 3427 1395 3487 emis·

292 3529 367 3593 seut,
382 3537 632 3580 annumerando
650 3519 773 3590 extrahi,
789 3517 878 3578 iidem
893 3517 990 3578 verbis
1004 3536 1063 3577 nou
1077 3515 1149 3590 fieri,
1163 3537 1195 3578 se
1212 3516 1394 3580 iudi-Jam
1420 3558 1425 3568 ·

274 3612 331 3672 de
350 3613 428 3673 miiie
438 3599 672 3689 exemplaribus,
685 3617 743 3686 (tot
762 3611 841 3671 euim
861 3612 1008 3690 cujusque
1022 3609 1177 3671 roiamirris
1196 3611 1395 3686 excuduntur)

294 3716 411 3766 centum
425 3712 456 3766 et
471 3703 684 3782 quinquaginta
699 3703 801 3776 ferme,
816 3704 873 3763 aiia
885 3703 1015 3777 vendita,
1028 3702 1086 3764 siia
1102 3702 1227 3775 credito,
1242 3704 1300 3765 alia
1314 3702 1395 3765 dono

292 3797 364 3859 data
374 3804 453 3867 sunt,
465 3805 498 3856 ut
507 3796 570 3874 jam
581 3795 667 3856 iaciie
678 3795 712 3856 fit
726 3796 883 3869 oestimatu,
898 3806 1019 3874 quotam
1030 3805 1144 3875 partem
1157 3806 1306 3858 sumtuum
1320 3816 1337 3857 a
1349 3817 1396 3856 me

294 3897 480 3970 erogatorum
499 3888 743 3966 recuperaverim.
778 3888 877 3961 Adde,
893 3887 974 3966 quod
993 3887 1072 3948 hnud
1086 3889 1182 3966 pauci,
1198 3897 1269 3949 cum
1284 3890 1395 3950 Demo·

293 3983 428 4043 sthenem
439 3981 590 4052 emissent,
605 3979 726 4058 reiiquis
740 3980 938 4041 voluminibus
956 3981 1130 4042 insecuturis
1147 3982 1395 4043 renunciaverint.

294 4074 385 4149 Quod
404 4075 429 4134 si
448 4092 528 4152 ergo,
543 4081 576 4133 ut
589 4073 667 4152 coepi
683 4071 792 4145 facere,
806 4071 958 4152 fidemque
977 4073 1048 4134 dedi
1069 4093 1114 4134 me
1126 4072 1273 4135 hcmmm
1293 4092 1395 4153 porro,

295 4168 371 4232 senis
390 4166 559 4246 quibusque
577 4167 727 4226 mensibus
748 4165 864 4245 singula
886 4165 1057 4243 hujusmodi
1075 4167 1221 4228 roinmina
1240 4167 1397 4245 prodenda

295 4271 374 4333 sunt,
394 4279 450 4338 per
470 4278 502 4318 se
522 4268 618 4336 peret,
635 4277 756 4319 necesse
776 4278 850 4331 esse,
865 4267 898 4318 ut
909 4267 1035 4319 emtores
1048 4260 1148 4337 piures
1163 4267 1281 4321 coeant.
1314 4259 1397 4319 Aiias

295 4353 384 4413 teiam
409 4353 486 4412 hauc
500 4369 557 4428 ego
571 4369 689 4412 necesse
710 4351 827 4412 habebo
847 4351 1031 4431 abrumpere.
1073 4353 1224 4432 Exhausta
1236 4351 1316 4413 enim
1332 4352 1398 4429 jam

296 4463 343 4504 res
367 4463 432 4504 mea
456 4443 605 4504 iamiiiaris
633 4453 688 4516 est,
715 4445 780 4524 ipsa
804 4461 947 4521 perquam
970 4443 1135 4506 mediocris.
1177 4445 1264 4525 Rogo
1286 4445 1397 4523 itaque,

297 4545 448 4616 quotquot
458 4545 526 4598 sunt
538 4537 714 4600 Graecnrnm
727 4537 877 4598 literarum
891 4536 1180 4610 amantes,ut·iiteris
1192 4539 1337 4617 adipsum
1351 4555 1399 4596 me
