3125 5134
451 429 514 505 DE
537 431 752 504 AESCHINE
774 427 1005 501 otta'touss.
1186 457 1273 500 xxxv

171 597 313 662 orationis
338 605 543 675 argumentum
566 593 816 656 accommodatius
836 594 1023 674 criminisque
1045 595 1273 673 magnitudinem

170 689 396 772 significanda
411 687 582 749 efficauins‘l
601 689 710 748 Nonne
728 703 840 747 cumae
850 687 1036 747 moderatum
1055 694 1088 746 et
1098 685 1275 766 ἀπράγμονα

170 791 204 846 et
224 783 395 862 reipublic·
413 789 561 844 ameum
581 777 721 852 ostendit,
736 779 794 840 ribi
809 777 911 839 reddit
929 779 1078 838 auditores
1098 778 1276 838 benevolosi

171 877 249 937 Cum
268 873 447 953 reipublicae·
456 871 620 950 periculam
636 890 655 930 a
674 869 834 930 Timarcho
846 871 997 930 imminere
1009 869 1109 939 docet,
1122 871 1274 931 attentos‘t

171 967 259 1040 Cum,
274 963 435 1044 dequibus
450 962 488 1024 sit
501 961 645 1040 dicturas,
659 961 766 1042 aperit,
781 961 917 1022 docilert
954 961 1033 1021 lain
1052 961 1145 1020 altera
1161 960 1276 1022 exordii

171 1077 253 1140 pars,
268 1077 335 1138 quar
351 1059 482 1138 pertinet
501 1056 540 1116 ad
558 1055 650 1116 rerba
665 1058 710 1114 sat
726 1057 803 1135 ὑμᾶς
816 1059 909 1116 ciras
921 1057 990 1132 (τῶν
1003 1054 1275 1135 regnandorum

172 1153 315 1232 φύλακας,
335 1149 387 1210 nbi
405 1149 617 1211 democratiam
632 1149 730 1226 legam
752 1149 929 1213 anctoritate
947 1145 1056 1220 fulciri,
1071 1147 1213 1209 malornm
1230 1146 1275 1207 ci·
1296 1201 1300 1210 .

172 1244 254 1303 aium
268 1243 363 1322 pranis
379 1243 420 1302 ab
439 1239 558 1302 interitu
574 1238 724 1312 vindicari,
737 1247 776 1300 at
787 1241 970 1318 legislatores
988 1239 1095 1300 civium
1108 1239 1274 1318 discipline

173 1337 336 1398 maximam
344 1353 459 1413 semper
472 1351 571 1394 curam
587 1332 711 1410 garum
724 1331 825 1404 donet,
839 1333 882 1394 ita
892 1351 950 1393 non
958 1334 1055 1393 solam
1063 1331 1274 1410 aptecohmret

173 1447 242 1488 cunr
251 1428 363 1506 reliqna
374 1427 516 1497 oratione,
528 1425 580 1486 sed
592 1433 623 1484 et
635 1425 711 1485 banc
722 1424 888 1502 opinionem
901 1425 931 1484 ln
940 1424 1094 1503 judicibus
1107 1423 1227 1495 excitat,
1240 1431 1274 1483 ut

173 1529 289 1597 putent,
312 1539 346 1580 se
369 1539 429 1580 noo
451 1519 490 1578 de
514 1518 608 1578 salute
629 1517 716 1576 unius
737 1515 873 1588 bominis,
891 1515 945 1577 sed
959 1516 997 1578 de
1011 1517 1147 1576 libertate
1160 1533 1273 1592 tuaque

171 1611 300 1690 ipsorum
321 1611 414 1672 saluta
428 1610 578 1688 judicare.
620 1609 655 1668 ln
669 1608 802 1670 oratione
816 1608 855 1668 de
869 1608 943 1668 salsa
963 1607 1108 1687 legatione
1122 1607 1220 1667 statim
1234 1606 1275 1666 ab

171 1704 258 1764 initio
278 1705 409 1782 judicas,
431 1702 634 1782 magnitudine
655 1701 782 1780 perluarli
801 1701 848 1761 sui
867 1709 900 1761 et
919 1700 1080 1762 adversarii
1091 1699 1227 1760 ‘audacia
1244 1706 1276 1758 et

173 1795 353 1856 erudelitate
377 1796 614 1868 demonstranda,
637 1796 677 1856 in
690 1813 757 1854 snas
784 1804 885 1875 partas
908 1796 1009 1868 trahit,
1032 1795 1219 1856 sententiiae
1241 1813 1275 1854 re
1400 1795 1405 1810 '

174 1886 254 1945 mus
275 1894 308 1946 et
326 1885 444 1946 mnium
461 1888 561 1957 meet,
581 1886 773 1946 nemorum
794 1885 886 1946 auen
909 1887 1044 1965 emgat,
1064 1873 1276 1965 „praeen-

175 1975 274 2038 oeudo
281 1977 400 2055 judices
408 1977 505 2038 reddit
518 1985 658 2047 attentos,
679 1976 801 2036 mimhra
815 1976 914 2058 diluit,
927 1975 1069 2038 fiduciam
1081 1996 1146 2056 parc
1159 1977 1275 2053 selem,

173 2069 369 2130 accusationis
390 2067 462 2129 vitia
484 2067 625 2138 ostendit,
639 2076 670 2127 et
691 2087 722 2128 re
738 2067 778 2128 ad
800 2069 897 2130 omnia
910 2068 1053 2148 deinceps
1065 2087 1274 2148 responsurum

171 2160 327 2240 promittit.
353 2161 458 2220 Restat
471 2159 589 2220 tertium
603 2157 756 2220 exordium
771 2161 912 2222 orationis
925 2171 1029 2221 contra
1040 2161 1275 2240 Ctesiphontem.

171 2253 232 2323 Qal
244 2253 303 2312 hoo
315 2252 482 2322 exordium,
496 2255 534 2318 ὦς
547 2253 681 2330 τραγικὸν
696 2255 747 2312 καὶ
756 2254 886 2332 περιττὸν
898 2257 944 2313 rnl
956 2254 1081 2334 ἐπιλόγῳ
1093 2258 1208 2333 μᾶλλον
1220 2255 1275 2313 loe·

172 2343 219 2412 :te
233 2345 494 2422 reprehenderunt,
508 2348 547 2418 (v.
562 2343 739 2422 argument.)
758 2345 778 2402 ii
801 2363 857 2405 nec
876 2345 1015 2405 videntur
1033 2345 1181 2424 cogitasse
1191 2343 1274 2405 aliud

170 2437 324 2498 exordium
338 2421 498 2498 convenire
513 2435 702 2496 vehementiae
720 2437 890 2500 accusantis
911 2447 942 2498 at
962 2437 1150 2500 defendentis
1170 2437 1273 2498 mede·

170 2527 308 2601 stimmo
318 2527 496 2589 intellexisse
509 2547 585 2608 opus
598 2526 698 2599 luisse,
708 2538 740 2588 ut
750 2539 851 2589 orator
862 2529 1110 2609 crimenaugeret.
1126 2532 1186 2591 lies
1196 2531 1273 2590 enim

171 2621 298 2686 intanta
310 2621 484 2699 reipublicae
498 2619 719 2698 perturbatione
732 2631 763 2682 et
781 2623 1000 2682 calamitatibus
1019 2623 1229 2701 negligebatur,
1242 2631 1274 2680 et
1323 2669 1334 2682 .

173 2712 399 2785 Demosthenes,
415 2731 504 2790 quem
518 2721 675 2774 accusator
695 2715 818 2774 marinae
831 2715 962 2793 petebat,
977 2717 1019 2774 ub
1035 2733 1138 2793 magna
1152 2714 1182 2772 in
1197 2731 1272 2773 reme

171 2805 323 2883 publicam
341 2803 485 2867 benficia
503 2814 533 2865 et
554 2805 755 2883 eloquentiam
775 2805 962 2884 diligebatur.
1005 2805 1084 2883 Ergo
1103 2823 1179 2882 opus
1199 2813 1273 2877 erat,

172 2904 208 2956 ut
223 2897 378 2958 AEsehinaa
393 2898 471 2958 omni
485 2897 573 2958 mode
586 2897 697 2956 crimen
717 2905 839 2974 augeret
856 2904 888 2956 et
905 2896 1078 2975 reipublicae
1097 2896 1220 2954 salutm
1242 2896 1272 2955 in

172 3007 275 3050 severe
283 2987 452 3065 judicantia
465 2990 640 3068 παρανόμων
655 2996 782 3068 γραφαῖς
796 2986 922 3067 podiam
935 3007 1000 3049 eote
1011 2988 1141 3048 donent.

587 3193 749 3260 SEGT.
787 3193 855 3260 111.

595 3333 645 3392 De
658 3333 843 3392 narratione.

213 3457 349 3518 Narratio
369 3471 417 3519 est
430 3459 473 3518 rei
486 3467 576 3536 geatte
590 3460 628 3520 ad
644 3445 842 3538 cognitionem
862 3478 959 3520 cauea
979 3469 1010 3520 et
1023 3460 1148 3520 dicentia
1163 3459 1271 3521 uttan:
1369 3488 1371 3495 ·

171 3561 231 3612 tem
244 3559 416 3630 comparata
427 3551 598 3630 explicatio.
638 3552 674 3610 ln
690 3551 732 3611 eis
748 3561 816 3611 nunt
836 3552 986 3630 quaedam,
1007 3552 1059 3611 ubi
1077 3560 1177 3612 orator
1197 3553 1271 3612 nihil

172 3643 227 3704 nisi
241 3653 342 3722 partes
355 3643 399 3704 rei
412 3651 505 3722 gestae
525 3643 705 3706 necessarias
719 3640 846 3704 breviter
860 3655 891 3704 et
903 3645 1060 3723 perspicue
1073 3643 1215 3724 deinceps
1226 3665 1272 3706 or-

171 3735 241 3796 dine
255 3735 387 3814 exponit,
402 3735 477 3808 alioe,
491 3735 529 3796 ed
544 3755 619 3814 quaa
634 3737 690 3796 albi
705 3736 920 3815 preparatione
934 3738 1100 3798 auditorum
1115 3738 1191 3797 viam
1207 3757 1270 3799 mu-

171 3828 225 3900 nit,
246 3828 455 3906 impedimenta
475 3839 615 3902 removet,
629 3823 810 3909 argumentis
822 3828 986 3907 interjectis
1000 3830 1108 3900 firmat,
1123 3833 1273 3918 senteutiia

170 3921 305 3992 illustrat,
320 3920 452 3980 moribus
464 3920 662 3982 admiscendis
680 3921 850 4000 probabiles
871 3932 903 3982 et
919 3921 1069 3999 jucundas
1089 3923 1197 3995 reddit,
1218 3925 1270 3984 ad·

169 4013 365 4074 murmurum
380 4012 502 4073 ariadne
515 4025 615 4094 auget,
629 4025 660 4075 et
673 4015 752 4076 omui
766 4016 856 4075 modo
870 4017 982 4077 utiliter
995 4017 1032 4077 ad
1044 4035 1161 4078 cauum
1176 4027 1271 4079 ornat.

170 4103 220 4164 Sin
233 4108 264 4164 in
277 4105 411 4165 oradonc
420 4105 460 4166 de
473 4105 548 4166 falsa
563 4106 707 4186 legatione
722 4107 889 4168 narratione
902 4109 1031 4188 simplici
1044 4119 1075 4169 et
1093 4119 1196 4190 aperta
1215 4111 1270 4170 do-
1367 4119 1375 4130 '

170 4207 229 4272 cet,
243 4217 302 4257 non
316 4218 360 4275 se,
383 4198 435 4259 sed
451 4199 649 4261 Philocratem
662 4207 693 4260 et
714 4200 944 4262 Demosthenem
958 4210 1096 4264 auctores
1110 4203 1191 4283 pacis
1201 4221 1270 4262 curn

170 4289 310 4370 Philippo
327 4289 429 4351 lirim
471 4293 543 4351 Mox
566 4293 634 4352 bulo
656 4293 816 4352 narrationi
833 4293 927 4354 nectit
943 4294 1029 4354 aliam
1048 4297 1218 4355 instructam
1239 4303 1271 4352 et

171 4393 302 4443 ornatam
323 4382 362 4444 de
384 4384 429 4457 iis,
448 4403 515 4464 quae
536 4384 615 4446 lacta
635 4393 719 4445 eraut
733 4383 792 4445 all
809 4385 866 4446 illis
881 4387 985 4466 legatia
998 4389 1036 4448 ad
1051 4388 1216 4463 Philippum
1231 4386 1271 4446 de

171 4475 253 4536 bellu
264 4477 473 4556 componendo
491 4477 595 4550 missis,
610 4477 685 4538 iude
697 4477 737 4540 ab
755 4477 857 4541 itinere
877 4479 917 4540 ad
932 4480 1106 4557 legatione·
1122 4479 1270 4558 usquead

169 4566 297 4629 reditum
316 4579 348 4629 et
359 4569 517 4648 legationis
527 4569 658 4632 redditas
675 4571 799 4631 Athenis
818 4570 956 4630 rationes.
997 4570 1161 4631 Consilium
1180 4571 1269 4649 buJue
