3125 5134
469 345 534 412 DE
556 347 771 414 AESOHINE
795 347 1023 421 ORATORE.
1183 359 1295 422 xxxvii

200 518 232 569 et
246 507 369 568 turmam
383 503 461 564 ridet
473 513 504 566 et
516 507 633 586 elegans
647 507 755 568 abusus
768 509 851 570 verbi
863 519 918 570 τῶν
932 508 1054 570 δικαίων.
1081 509 1157 570 Item
1168 513 1298 574 acerbis·

151 639 155 644 -
198 600 278 663 sima
294 595 484 678 reprehensio
496 597 649 660 Timarcbi
666 600 697 660 in
711 600 806 660 verbis
824 603 892 659 ἀλλ’
906 599 947 659 ἔτι
965 603 1106 684 χρήσιμος
1123 611 1156 663 et
1174 605 1298 665 oratoris

199 691 379 769 laudande,
393 707 461 766 quae
478 699 602 767 apparel
615 711 651 752 ex
671 691 716 754 his
729 688 768 752 dv
782 696 816 752 alr
828 691 971 771 βούλομαι
984 696 1021 752 τὰ
1041 694 1170 772 ὀνόματα
1189 699 1296 771 λέγειν.

194 785 281 846 Haec
300 783 398 846 omnia
413 781 488 842 hanc
503 785 697 845 narrationem
719 784 849 847 reddunt
861 784 1056 862 perspicuam,
1070 794 1212 864 apertam,
1226 807 1297 866 pro·

192 875 341 958 habilem,
363 883 506 934 moratam
531 883 561 936 et
580 875 772 954 jucundam.¹
795 876 943 936 Posthac
968 885 1027 936 tam
1047 878 1166 955 pulcras
1191 888 1222 940 et
1242 881 1300 941 ele·

198 977 304 1048 gentes
316 966 499 1028 narrationes
513 966 694 1044 superfluum
705 968 783 1029 foret
795 968 905 1030 addere
918 968 1002 1048 alias,
1015 969 1124 1048 eligere
1137 989 1208 1030 vero
1220 989 1297 1050 prm·

200 1060 357 1122 stantiores
367 1057 583 1122 difficillimum.
612 1062 744 1122 Tametsi
758 1062 836 1122 enim
849 1069 918 1122 sunt
929 1059 1062 1134 diverse,
1075 1061 1239 1124 laudabiles
1253 1071 1298 1125 ta·

195 1169 272 1212 men
281 1169 392 1212 omnes.

227 1591 229 1594 v
246 1629 289 1688 Ut
310 1627 357 1700 iis,
371 1646 439 1706 qnae
459 1626 498 1686 ab
519 1635 636 1690 orsmre
652 1626 801 1698 dicuutur,
820 1627 940 1687 auditor
959 1625 1045 1688 tidem
1064 1625 1181 1699 habeat,
1205 1627 1298 1687 tribus

206 1719 306 1778 modis
319 1717 451 1778 efficitur.
491 1719 606 1778 Etenim
626 1719 743 1780 auditor
756 1739 816 1780 rem
831 1739 929 1780 veram
949 1727 1043 1798 putat,
1057 1719 1104 1778 vel
1123 1719 1299 1797 argumentis

200 1819 317 1881 motus,
332 1811 379 1870 vel
394 1812 459 1888 quia
472 1811 601 1890 aliquam
616 1812 655 1872 de
669 1813 936 1873 moribnsdioentis
955 1811 1122 1891 opinionem
1135 1811 1299 1890 babetjrel
1372 1859 1375 1864 .
1450 1872 1457 1882 ,

209 1903 280 1979 quia
301 1903 401 1980 aliquo
423 1904 512 1963 modo
533 1914 580 1964 est
597 1903 732 1966 affectus.
772 1907 851 1984 Ergo
872 1905 999 1983 primum
1020 1913 1066 1964 est
1078 1903 1238 1964 dicendum
1259 1903 1299 1965 dc

206 1995 394 2074 argumentis,
408 1993 515 2056 deinde
537 1995 575 2056 de
597 1997 736 2069 moribus,
753 1997 881 2076 denique
900 1996 939 2057 de
959 1996 1128 2058 affectibus.
1167 1997 1203 2054 ln
1217 2015 1300 2074 argu-

204 2087 310 2148 mentis
325 2088 398 2148 nihil
412 2087 468 2147 uisi
482 2089 688 2150 tractationem
701 2090 961 2151 considerabimus.
996 2089 1063 2149 Hoc
1076 2088 1155 2148 enim
1172 2098 1218 2148 est
1229 2107 1299 2165 pro·

202 2180 298 2258 prium
312 2181 434 2241 oratori.
477 2183 602 2260 Reliqua
617 2185 782 2244 communia
796 2202 864 2243 cnm
876 2183 986 2243 multis.
1019 2183 1098 2241 Nam
1110 2190 1142 2242 et
1151 2179 1300 2241 dialectici

205 2273 244 2332 de
257 2273 436 2351 argumentis
447 2276 635 2354 praecipiunt,
649 2284 680 2336 et
694 2275 819 2355 quilibet
827 2275 858 2336 in
871 2295 924 2336 sua
935 2283 997 2334 arte
1010 2281 1179 2352 argumenta
1191 2271 1300 2332 invenit

206 2374 238 2424 et
250 2365 373 2424 inventis
389 2367 489 2426 utitur.
530 2368 627 2427 Nemo
640 2377 747 2440 tamen,
761 2369 818 2428 nisi
837 2376 946 2438 orator,
960 2366 999 2428 de
1013 2385 1113 2426 eorum
1131 2364 1299 2426 elocutione

206 2466 237 2516 et
257 2456 431 2516 tractatione
444 2457 481 2516 ad
504 2459 675 2535 popularem
696 2459 918 2538 intelligentiam
937 2467 969 2520 et
988 2457 1207 2537 persuasionem
1219 2464 1318 2536 apta,-

206 2547 347 2608 sollicitus
369 2567 433 2606 ease
454 2550 538 2607 solet.
580 2549 680 2609 Prima
703 2561 938 2632 argumentamur
956 2551 1175 2608 tractandorum
1195 2551 1299 2626 matus,

206 2663 293 2722 quam
309 2643 443 2702 AEschirri
460 2643 626 2713 tribuimus,
639 2657 685 2702 est
695 2644 874 2722 praeparatio
887 2641 1065 2713 auditorum,
1080 2661 1140 2718 qna
1152 2643 1207 2702 sibi
1222 2643 1299 2703 viam

199 2736 300 2794 -nrunit
313 2744 344 2794 et
357 2735 517 2794 benevolos
532 2744 720 2812 attentosque
734 2733 834 2794 reddit
846 2732 883 2791 ad
904 2731 1124 2809 percipiendam
1138 2731 1196 2792 vim
1212 2753 1300 2812 argu·

206 2835 381 2896 mentorum.
420 2825 469 2885 Sic
489 2825 518 2884 in
539 2827 670 2886 oratione
690 2835 794 2884 contra
806 2822 994 2882 Timarchum
1008 2830 1042 2897 (e.
1062 2822 1190 2909 Τιμόρχ.
1210 2833 1235 2900 ς.
1249 2825 1301 2900 d.)

207 2921 261 2982 nbi
279 2921 318 2979 ad
339 2921 457 2979 alteram
474 2919 512 2978 de
526 2921 586 2978 rita
609 2918 744 2997 improba
764 2917 914 2978 'limarchi
937 2925 1049 2996 partem
1072 2918 1187 2989 transit,
1207 2919 1301 2980 utitur

207 3011 431 3094 praeparatione,
444 3023 587 3092 rogatque
601 3013 760 3082 auditores,
774 3031 812 3072 na
825 3010 882 3070 sibi
895 3009 969 3071 vitio
982 3018 1106 3082 vertant,
1121 3009 1145 3069 si
1158 3009 1198 3070 de
1211 3012 1300 3073 taum

206 3105 324 3184 flagitiis
344 3103 408 3181 ejus
427 3103 560 3164 dicturus
581 3104 725 3164 interdum
740 3112 864 3182 cogatur
877 3104 973 3164 verbio
987 3103 1082 3164 minus
1102 3103 1231 3164 honestis
1246 3106 1299 3180 uti,

205 3200 322 3277 culpam
342 3197 372 3256 in
390 3196 577 3258 Timarchum
601 3197 747 3268 transfert,
761 3216 793 3256 se
815 3215 928 3256 summa
942 3215 1012 3256 cura
1027 3195 1144 3256 bonesti
1155 3196 1298 3258 rationem

206 3292 374 3352 habiturum
386 3289 542 3369 promittit,
557 3288 786 3349 moderationem
800 3309 862 3368 prae
877 3309 908 3349 se
922 3288 990 3362 sert,
1001 3298 1033 3349 et
1047 3289 1207 3350 multorum·
1217 3310 1236 3349 a
1248 3290 1301 3349 Ti·

206 3384 327 3444 marcho
346 3402 441 3463 puero
461 3381 696 3442 malefactorum
714 3402 751 3442 ne
766 3382 1081 3472 quidemlmentionem
1100 3401 1132 3442 se
1150 3381 1298 3444 facturum

204 3479 302 3538 docet.
343 3477 380 3535 ln
395 3475 527 3536 oratioue
540 3486 643 3535 contra
658 3475 883 3554 Ctesiphontem
897 3474 1020 3536 eandem
1038 3475 1181 3536 rationem
1201 3477 1299 3556 sequi·

96 3591 102 3598 ·
206 3567 263 3631 tur.
303 3569 446 3628 Dicturus
467 3567 543 3628 enim
567 3567 604 3628 de
618 3567 826 3628 Demosthenis
845 3567 1124 3629 in'administranda
1146 3571 1299 3649 republica

203 3665 371 3742 προαιρέσει,
386 3655 499 3738 duplici
512 3660 728 3741 preparatione
738 3662 839 3723 utitur.
858 3666 896 3736 (κ.
907 3667 1027 3742 Κτησιφ.
1041 3671 1067 3740 ς.
1080 3662 1136 3735 cd.)
1156 3662 1298 3736 Primum,

205 3755 278 3834 quid
294 3754 394 3813 sibiet
412 3752 580 3813 adversario
593 3753 758 3814 docendum
777 3753 825 3826 sit,
839 3752 971 3816 dilucide
984 3753 1175 3827 demonstrat,
1191 3755 1298 3818 deinde

204 3868 259 3928 per
271 3845 499 3926 precationem
515 3845 723 3906 Demosthenis
739 3847 827 3907 vitam
849 3846 995 3925 privatam
1008 3845 1189 3921 criminatur,
1209 3858 1242 3908 et
1258 3847 1298 3909 ad

187 3944 189 3953 '
203 3961 249 4014 ea,
261 3959 329 4018 qua·
344 3947 447 3998 contra
457 3939 667 4016 rempublicam
682 3949 712 3999 et
726 3939 805 4000 cives
819 3958 919 4000 omues
930 3939 1063 4018 improbe
1074 3939 1195 4013 fecerat,
1204 3951 1298 4002 unns·

67 4061 70 4068 ⁴
201 4035 236 4093 it.
278 4029 415 4091 Secunda
440 4029 541 4102 virtus,
564 4050 622 4090 non
648 4032 768 4091 multum
796 4032 932 4110 aprima
957 4031 1083 4104 diversa,
1108 4033 1139 4094 in
1161 4034 1298 4095 varietate

203 4125 279 4185 initii
299 4131 537 4201 argumentorum
560 4123 706 4191 cernitur„
742 4123 837 4183 Modo
856 4124 1138 4204 argumentationem
1156 4126 1261 4205 incipit
1280 4148 1299 4187 a
1409 4169 1416 4176 -

204 4217 374 4278 criminibus
388 4225 420 4275 et
432 4215 565 4276 irrisione
580 4216 821 4289 adversariorum,
833 4221 870 4292 (κ.
883 4217 1009 4297 Τιμάρχ.
1024 4231 1048 4299 §-
1062 4221 1111 4288 εἴ.
1120 4219 1195 4296 init.)
1210 4221 1298 4281 modo

206 4291 584 4386 utiturobjectionesdhid.
599 4314 623 4382 5.
638 4308 685 4370 nil.
701 4310 779 4387 init.)
789 4310 877 4369 modo
888 4310 1122 4387 precihus(ibid.
1137 4317 1211 4390 §.rh
1222 4312 1300 4391 init.)

204 4410 333 4462 attentos
347 4399 445 4470 reddit
459 4400 618 4473 auditores,
633 4402 722 4462 modo
743 4403 892 4482 inopinata
904 4402 1067 4482 irruptione
1082 4407 1120 4477 (r.
1136 4404 1258 4486 qurrpL
1273 4416 1297 4484 t.

90 4547 94 4556 .
204 4491 279 4574 μα’.)
293 4501 392 4554 terret.
435 4493 482 4552 Ah
503 4494 648 4572 ejusmodi
663 4494 752 4554 initiis
767 4495 805 4555 sd
820 4495 981 4573 argumenti
996 4493 1230 4573 explicationem,
1244 4501 1299 4579 (tp-
