3125 5134
403 337 411 362 ’
462 389 525 454 nn
547 389 762 456 msonrnu
785 391 1014 461 onerosa.
1207 396 1288 461 xxm

195 550 321 612 Achillis
335 559 366 609 et
379 549 519 620 Pstrocli,
533 541 618 626 (ibid.
633 551 657 620 ἕ.
672 551 737 626 rh'.)
750 553 789 612 de
802 555 888 617 fauroe
908 565 939 614 et
956 552 1103 612 calumnia
1114 553 1290 632 discrimine,

193 650 240 718 (ar.
253 639 446 722 Παρσπρεσβ.
459 643 483 712 S.
495 644 557 720 μὲἰ)
570 641 608 702 de
622 661 721 704 amore
731 645 817 721 justo
828 655 859 705 et
869 646 1014 722 improbo,
1027 648 1063 719 (κ.
1076 644 1204 725 Τιμάρχ.
1212 646 1238 714 ἓ.
1247 650 1291 715 rii.

194 735 288 810 ared.)
309 735 347 794 de
369 731 512 812 majorum
534 753 606 795 curs
628 746 660 796 et
679 738 836 821 severitate
854 739 884 798 iu
905 738 1016 798 tuenda
1033 738 1187 818 pudicitia,
1207 738 1290 811 (ibid.

192 834 219 901 ξ.
230 828 298 902 λς’.)
312 837 344 886 et
361 829 419 888 aha
432 827 555 888 fumasse
569 829 664 906 plura,
679 849 747 906 qum
762 831 792 890 in
811 841 893 891 tauta
906 831 1095 891 multitudine
1109 843 1212 892 notare
1225 851 1289 890 sum

193 921 315 982 oblitus.
358 921 435 979 Hmc
449 941 518 980 vero
533 921 631 980 omnia
645 923 686 982 ita
698 941 816 1002 semper
829 943 998 984 cumcansa
1012 923 1166 1002 conjunxit
1178 933 1289 996 orator,
1324 932 1330 949 ¹

195 1021 228 1070 ut
247 1032 281 1071 es
297 1012 345 1070 vix
361 1013 464 1072 abesse
481 1031 569 1090 posse
583 1023 678 1092 putes,
693 1015 774 1093 quod
790 1016 819 1074 in
832 1017 981 1092 ejusmodi
993 1017 1068 1076 locis
1085 1019 1289 1079 communibus

194 1114 227 1186 et
240 1104 469 1182 digressionibus
483 1107 570 1166 unice
590 1115 757 1185 spectatum
772 1127 836 1168 esse
853 1109 985 1168 rhetores
998 1111 1184 1188 precipiunt.
1218 1113 1290 1171 Sen-

193 1197 294 1256 tentiis
307 1194 449 1274 denique,
464 1219 538 1277 quas
551 1198 639 1258 etiam
652 1199 689 1258 ud
704 1201 819 1277 copiam
833 1202 973 1262 orationis
991 1202 1137 1281 pertinere
1150 1203 1287 1273 diutinus,

195 1288 320 1348 maxime
334 1289 370 1348 iis
383 1290 412 1348 in
427 1289 498 1350 locis
513 1310 582 1349 usus
603 1302 658 1362 est,
675 1292 726 1352 ubi
745 1291 825 1370 leges
838 1294 986 1353 tractarit.
1027 1295 1085 1352 Vir
1105 1295 1184 1353 enim
1200 1314 1287 1355 unam

195 1380 288 1457 legem
309 1381 450 1453 laudavit,
474 1383 544 1459 quin
568 1384 663 1456 simul,
686 1405 746 1463 quo
771 1385 903 1463 quidque
928 1386 1050 1445 consilio
1074 1387 1219 1446 sancitum
1242 1389 1289 1458 sit,
1381 1459 1392 1466 .

188 1472 299 1532 ‘idoneo
320 1475 464 1535 sententia
482 1487 513 1536 et
536 1497 553 1535 e
576 1495 606 1536 re
629 1487 698 1536 nata
711 1478 834 1538 doceret
854 1489 885 1537 et
907 1479 1081 1556 legislatoris
1104 1479 1287 1556 prudentiam

192 1567 424 1626 commendaret.
444 1569 511 1636 Qua
523 1569 553 1627 in
567 1586 598 1628 re
609 1581 710 1630 orator
720 1569 951 1631 rerumciriliurn
960 1569 1093 1648 peritiam
1107 1581 1139 1630 et
1148 1572 1287 1648 cloquen-

194 1658 265 1716 tirm
280 1658 498 1732 demonstrarit,
509 1661 608 1740 legum
622 1665 830 1724 auctoritatem
842 1661 1026 1723 confirmarit
1035 1671 1066 1721 et
1077 1662 1210 1724 tenuitati
1222 1682 1288 1723 oru-

194 1749 286 1810 tionis
299 1753 445 1814 occurrii.»

597 1937 621 2000 S
641 1937 672 2002 Ε
690 1936 717 2000 C
736 1937 777 2000 T.
821 1936 888 2001 VI.

614 2081 662 2142 Dr
675 2081 874 2162 simplicitate.

235 2211 295 2279 Qui
313 2211 343 2270 in
358 2211 486 2271 dicendo
501 2221 634 2270 ornatum
648 2212 827 2290 copiamque
841 2211 922 2281 vitat,
937 2213 978 2271 ita
997 2220 1105 2281 tamen,
1126 2219 1158 2272 ut
1172 2231 1288 2290 semper
1314 2184 1318 2203 Ι

194 2313 304 2375 cureat,
319 2323 357 2362 ne
377 2304 408 2362 in
429 2303 552 2363 aridum
564 2314 595 2362 et
617 2304 724 2364 humile
743 2303 862 2364 dicendi
881 2323 975 2384 genus
996 2304 1161 2374 delabatur,
1181 2294 1232 2363 sed
1256 2313 1289 2364 nt

194 2396 401 2475 elegantiorum
417 2395 566 2462 huminum
581 2415 742 2456 sermonem
762 2395 800 2454 de
818 2397 906 2456 rebus
919 2395 1056 2455 tenuibus
1070 2397 1198 2472 ritusque
1217 2414 1289 2453 con·

194 2489 378 2550 suetudinem
389 2489 519 2548 imitetur
528 2499 558 2547 et
572 2488 646 2548 nihil
659 2489 715 2548 nisi
729 2489 887 2568 puritatem
897 2500 929 2548 et
941 2488 1184 2566 perspicuitatem
1192 2498 1287 2556 curet,

191 2581 218 2639 ei
231 2581 371 2640 orationis
385 2580 557 2658 simplicitas
572 2581 719 2642 tribuitur.
761 2583 790 2640 ls
808 2581 899 2660 igitur
912 2591 1021 2651 orator,
1038 2581 1091 2658 qui
1104 2579 1289 2658 simplicitati

190 2672 301 2744 studet,
311 2693 368 2733 nec
378 2691 474 2734 rerum
486 2673 573 2752 copia
588 2684 618 2732 et
631 2673 817 2734 multitudine
829 2674 990 2733 umbonem
1004 2672 1176 2750 ampliorem
1190 2671 1288 2738 faciet,
1389 2716 1393 2723 ,

191 2785 245 2825 nec
258 2766 410 2826 sententiis
426 2765 522 2826 acutis
543 2776 573 2827 et
594 2767 742 2837 inauditis,
759 2766 810 2827 aed
825 2767 993 2844 vulgaribus
1007 2775 1038 2822 et
1052 2763 1201 2822 consuetis
1221 2773 1287 2822 nte.

192 2865 250 2916 tur.
295 2859 459 2918 Verborum
481 2877 623 2920 novorum
643 2869 673 2919 et
694 2859 840 2932 factorum
862 2855 1057 2925 insolentium,
1082 2853 1287 2912 translatorum

191 2953 363 3030 gravitatem
372 2955 786 3033 suavitatemque,priscorum
793 2951 1057 3026 obsoletorumque
1065 2949 1288 3019 obscuritatem,

193 3045 426 3123 compositorum
444 3047 638 3123 granditatem
657 3046 846 3106 vehementer
864 3044 977 3117 vitabit,
998 3041 1128 3121 propria,
1147 3051 1288 3103 consuetu

191 3146 222 3196 et
236 3157 254 3196 e
267 3137 410 3197 translatis
432 3157 490 3198 non
504 3140 559 3202 nisi
581 3141 650 3199 trita
668 3149 699 3198 et
719 3138 869 3198 notissima
887 3134 1051 3196 adhibebit.
1093 3134 1129 3192 ln
1143 3134 1290 3212 composi·

190 3230 272 3289 tione
285 3249 344 3290 non
357 3241 448 3290 artem
467 3241 498 3289 et
511 3231 750 3303 concinnitatem,
771 3230 823 3290 aed
838 3239 970 3290 naturum
991 3237 1022 3288 et
1042 3227 1218 3306 elegantiam
1239 3245 1287 3286 se.

190 3332 306 3400 quetnr.
339 3325 415 3394 Jam,
431 3324 456 3383 si
467 3343 504 3383 er
517 3323 574 3382 bac
588 3326 729 3384 tenuitate
744 3323 915 3402 simplicitas
928 3331 1064 3399 apparet,
1074 3319 1235 3388 rideamus,
1249 3338 1288 3379 an

191 3415 343 3476 AEscbines
358 3435 479 3495 quoque
493 3426 644 3481 attenuate
663 3427 695 3478 et
714 3415 886 3494 simpliciter
897 3413 1034 3500 Qtrcdaar
1048 3412 1163 3472 dixerit.
1199 3411 1287 3496 *Quid
1350 3402 1354 3414 ’

191 3519 288 3568 antem
307 3508 469 3587 simplicius
487 3509 588 3570 dicere
600 3510 706 3588 potuit,
721 3527 812 3587 quam
826 3508 910 3569 haec:
931 3511 969 3582 (r.
982 3507 1106 3586 Κτησιφ.
1119 3510 1147 3580 5.
1161 3505 1206 3563 κά.
1221 3501 1286 3578 tin.)

189 3604 257 3674 λέξω
271 3601 300 3661 δὲ
313 3609 425 3682 spolior
437 3605 500 3681 auspi
512 3611 561 3663 roi
580 3606 688 3682 πρῶτον
702 3610 798 3683 καιροῦ
812 3604 856 3662 καὶ
871 3601 994 3680 διῦνερον
1006 3601 1129 3678 περὶτοῦ
1148 3598 1287 3678 δευτέρον,

190 3696 236 3752 καὶ
254 3695 350 3768 ’τρίτον
364 3696 428 3772 περὶ
447 3696 618 3775 τοῦὲριξῆς,
641 3698 686 3753 καὶ
708 3701 843 3774 τέταρσον
857 3697 991 3773 περὶτῶν
1009 3699 1060 3752 νῦν
1077 3691 1289 3763 καθεστηκότων

189 3787 377 3864 πραγμάτων.
419 3787 494 3847 item
515 3788 604 3868 paulo
625 3797 712 3866 post:
733 3793 771 3864 (ξ.
790 3789 861 3864 κγ’.)
881 3791 944 3862 νικᾷ
965 3789 1020 3864 γὰρ
1041 3784 1135 3864 ἔεερον
1157 3785 1288 3864 ψήφισμα

189 3874 372 3956 Φιλοκράτης,
395 3880 427 3938 ἐν
446 3875 469 3961 ,l
489 3885 592 3940 κελεύει
614 3879 731 3940 ἑλέσθαι
754 3878 819 3939 δέκα
840 3880 984 3957 πρέσβεις,
1005 3879 1107 3946 οἵτινες
1127 3879 1289 3957 ἀφικόμενοι

188 3969 259 4046 πρὸς
272 3969 415 4031 durum
428 3975 592 4046 ἀξιώσουσιν
605 3974 691 4033 αὐτὸν
705 3973 785 4050 δεῦρο·
797 3969 930 4051 πρέσβεις
944 3971 1149 4050 αὓσσκρᾶτορας
1170 3971 1290 4048 πέρσειν

188 4061 257 4142 ὑπὲρ
270 4078 320 4135 rue
333 4068 453 4142 tipimc·
473 4073 579 4128 τούτων
590 4064 632 4134 εἷς
646 4064 681 4138 ἦν
694 4067 886 4146 Δημοσθένης,
900 4062 1028 4140 κᾴκεῖθεν
1045 4063 1191 4133 ἐπανήκων
1209 4063 1289 4120 ἔσται·

188 4158 270 4228 νίκης
281 4154 317 4227 ἦν
330 4157 380 4228 τῆς
392 4162 504 4238 εἰρήνης
522 4160 568 4217 καὶ
583 4163 671 4219 ruinis
690 4165 750 4226 τοῖς
769 4161 872 4225 ἄλλοις
890 4154 1045 4236 πρέσβεσιν
1062 4157 1221 4232 ἀνήγγειλε
1243 4153 1289 4210 rui

189 4249 276 4333 μῦννκ
293 4257 350 4309 τῶν
367 4249 530 4324 Bormum
551 4251 660 4332 ἔγραψε
679 4255 851 4326 σπείσασθαι
870 4256 908 4330 τῷ
927 4253 1020 4328 κήρυκι
1034 4255 1072 4329 τῷ
1090 4252 1168 4327 παρὰ
1179 4252 1228 4307 τοῦ
1241 4245 1289 4304 Φι-

189 4339 298 4400 λίσκον
311 4345 358 4400 rui
369 4351 429 4411 τοῖς
441 4341 606 4424 πρέσβεσιν.
647 4343 682 4403 ln
698 4344 756 4422 his,
772 4343 851 4403 siah
865 4341 950 4403 initio
963 4361 1019 4420 pro
1034 4342 1125 4402 verbo
1139 4342 1202 4413 νικᾷ
1216 4336 1290 4398 scri·

160 4474 164 4484 .
191 4430 277 4493 barin
289 4436 401 4514 γράφει,
416 4445 498 4498 totus
512 4438 594 4496 locus
608 4437 664 4498 erit
677 4435 925 4515 simplicissimus.
965 4436 1089 4505 Rursus,
1101 4451 1170 4492 curn
1182 4429 1242 4490 alio
1255 4431 1287 4490 iu

188 4521 256 4585 ioco
269 4528 404 4588 annones
417 4529 575 4590 verborum
589 4528 742 4608 explicat:¹
756 4533 797 4607 (κ.
810 4529 940 4610 Τιράρχ.
954 4533 981 4603 5.
996 4527 1060 4600 κε’.)
1077 4523 1217 4603 derupta
1229 4528 1286 4602 γὰρ
