3125 5134
462 379 526 445 ΒΕ
547 375 761 446 AESCHINE
783 379 1012 448 ORATORE.
1205 379 1284 443 xxxi

613 613 741 680 SECT.
764 614 871 681 XIV.

391 757 443 818 De
453 713 619 820 uirtutibus
632 759 815 836 elocutionis,
830 781 903 842 quos
915 781 975 823 noa
988 761 1085 869 labet.

228 881 270 946 Πι
271 890 426 960 θανόπιτιι,
438 886 542 959 abidae
533 913 590 962 ror,
603 898 633 948 el
646 915 678 950 ro
667 889 868 959 cenorddruc
881 896 975 952 εἰπεῖν
994 862 1098 951 merito
1111 890 1143 950 iu
1157 891 1285 952 maximis

184 967 346 1039 virtutibus
360 979 472 1042 habent
485 980 627 1042 rhetores.
669 982 780 1043 Harum
801 990 897 1042 autem
910 985 1050 1046 virtutum
1064 983 1168 1062 exigua
1182 984 1286 1045 laus'
1258 1004 1287 1044 er

185 1068 279 1130 tribui
293 1079 403 1148 potest.
444 1071 510 1131 Nec
525 1081 623 1132 tamen
637 1072 714 1132 boc'
707 1093 737 1132 ιιι
752 1049 919 1133 universnm
938 1073 1072 1134 dixerim.
1113 1074 1195 1136 Infra
1207 1077 1285 1136 euim

186 1161 252 1248 ipse
265 1181 333 1222 eum
346 1161 532 1242 probabilem
546 1183 609 1224 esse
622 1164 721 1229 docui.
766 1164 825 1225 Sed
836 1165 908 1226 dum
920 1166 1031 1245 ubique
1041 1166 1104 1228 lere
1116 1166 1285 1241 artificiose,

187 1253 293 1314 callide
307 1262 339 1314 et
349 1254 475 1316 subdole
489 1264 610 1334 pugnat,
621 1255 691 1317 dum
700 1277 818 1318 cassam
833 1259 1014 1318 omnimodo
1024 1257 1167 1336 adjurare
1177 1260 1287 1334 studet,
1306 1335 1314 1350 .

188 1343 260 1404 dum
274 1345 426 1407 lenitatem
441 1356 472 1408 et
485 1349 738 1410 mansuetudinem
748 1359 850 1430 aperte
860 1350 946 1410 nimis
959 1369 1022 1430 prae
1036 1371 1067 1412 se
1077 1351 1144 1424 fert,
1154 1353 1233 1412 sibi·
1224 1372 1287 1432 rpse

187 1435 322 1498 diffidere
335 1437 464 1514 videtur,
475 1448 569 1500 artem
582 1441 693 1521 prodit,
708 1441 797 1502 fidem
815 1441 951 1522 impedit,
966 1443 1185 1522 persuasionem
1198 1445 1287 1505 tollit.

130 1595 132 1600 ,
188 1527 250 1598 Qui
264 1529 339 1590 enim
355 1531 454 1609 Lysiae
468 1533 616 1592 orationes
633 1533 715 1610 legit,
733 1533 934 1594 adversarium
954 1535 1055 1594 statim
1071 1535 1188 1612 judicat
1207 1537 1288 1596 mali-

185 1640 278 1698 gnum
289 1629 320 1682 et
333 1621 511 1701 improbum,
521 1623 646 1686 dicentis
660 1625 842 1705 probitatem
855 1625 967 1696 laudat,
981 1625 1179 1686 innocentiam
1193 1627 1286 1699 dolet,

50 1787 56 1794 ⁸
186 1729 415 1774 causamveram
430 1722 526 1792 putat.
567 1718 619 1786 At,
633 1718 684 1796 qui
696 1716 866 1776 AEschinem
879 1716 972 1790 audit,
983 1717 1125 1778 orationis
1139 1719 1227 1797 copia
1236 1718 1288 1802 ob·

187 1805 295 1876 ruitur,
307 1813 369 1864 arte
391 1825 421 1865 se
440 1804 597 1885 deceptum
617 1808 710 1880 dolet,
725 1807 876 1868 lenitatem
894 1809 988 1882 timet,
1007 1818 1243 1888 argumentorum
1257 1811 1287 1869 vi

188 1895 327 1958 resistere
340 1897 450 1974 nequit,
471 1884 678 1958 veritatemi
694 1898 879 1958 mendacium
892 1899 995 1959 eodem
1010 1901 1101 1960 modo
1114 1910 1287 1980 suspectum

188 1985 291 2047 babet.
331 1986 517 2060 Brevitatem,
545 2006 614 2065 quas
637 1987 799 2065 conjuncta
826 2008 896 2048 cum
921 1991 1131 2072 perspicuitate
1159 1994 1286 2053 orationi

188 2096 322 2156 magnam
336 2080 395 2138 vim
405 2089 436 2140 et
446 2080 618 2140 suavitatem
634 2081 781 2151 conciliat,
794 2081 926 2141 similiter
939 2082 1000 2143 lere
1014 2084 1154 2162 neglexit.
1175 2086 1286 2146 Contra

185 2169 324 2249 copiosus
338 2179 369 2231 et
383 2173 500 2251 amplus
513 2181 567 2244 est,
583 2181 616 2232 nt
629 2172 777 2233 interdum
793 2174 1008 2235 Demosthenes
1027 2177 1163 2236 torrentis
1185 2178 1285 2253 modo,

185 2263 226 2323 de
239 2272 338 2323 monte
351 2265 476 2335 ruentis,
492 2285 560 2344 quae
575 2263 602 2323 ei
618 2273 686 2324 sunt
694 2264 917 2344 impedimento,
931 2286 1032 2327 secum
1045 2267 1122 2346 rapit
1132 2277 1164 2328 et
1177 2267 1284 2338 evellit,

116 2353 120 2360 '
184 2357 230 2416 ita
243 2356 406 2430 AEschines,
419 2355 493 2418 Nilo
507 2356 617 2431 similis,
631 2356 791 2436 improviso
804 2375 948 2435 aquarum
956 2359 1095 2420 confluxu
1110 2360 1227 2431 erescit,
1239 2360 1285 2420 lit-

184 2457 254 2507 rora
262 2450 390 2524 excedit,
406 2450 492 2530 longe
506 2459 596 2530 atque
610 2447 669 2510 late
684 2449 793 2510 sensim
807 2451 905 2512 omnia
918 2450 1054 2538 inundat.

569 2677 774 2764 PARS
834 2681 894 2765 ΙΙ.

647 2855 775 2922 SEGT.
800 2855 831 2919 Ι.

182 2987 404 3070 Argumentum
420 2965 522 3069 portis
544 2987 687 3050 samoe.
732 2987 782 3048 De
795 2987 971 3060 irroratione,
992 2985 1115 3062 delectu,
1134 2985 1238 3048 ordire
1256 2994 1285 3047 et

497 3079 628 3162 artificio
644 3077 976 3160 locorumquoruodoos.
1036 3091 1041 3099 ’

225 3215 355 3274 Alteram
370 3215 446 3274 banc
460 3221 588 3292 partem,
603 3230 672 3290 quae
684 3214 883 3290 πραγματικὸς
898 3209 1021 3272 virtutes
1036 3209 1182 3271 AEscbicis
1195 3211 1288 3288 expli·

182 3317 243 3378 cat,
255 3306 296 3366 ila
309 3305 529 3386 descripsimus.
570 3304 701 3364 Primum
715 3322 898 3382 exponemus
912 3302 950 3362 de
964 3303 1142 3374 inventione,
1157 3303 1286 3378 delectu,

184 3397 288 3459 ordine
303 3409 334 3459 et
347 3399 481 3459 locorum
490 3395 679 3476 vquorundam
693 3394 829 3466 artificio,
845 3395 975 3456 secundo
987 3394 1025 3454 de
1039 3395 1181 3456 orationis
1196 3397 1286 3474 parti-

184 3491 251 3560 bus,
272 3489 406 3562 exordio,
425 3489 602 3560 narratione,
622 3487 800 3566 argumentis
816 3496 848 3547 et
860 3487 1058 3566 peroratione,
1072 3487 1202 3564 denique
1215 3509 1287 3548 eon.

181 3583 326 3644 clusionis
340 3583 409 3642 loco
422 3581 545 3643 sormam
560 3580 736 3658 eloquentiae
758 3579 908 3641 AEscbinis
925 3580 1088 3656 exprimere
1102 3580 1292 3640 conabimur·-

180 3675 376 3745 lnventionis,
392 3679 424 3732 ut
438 3673 553 3751 opinor,
567 3671 635 3732 duae
651 3681 719 3732 sunt
731 3673 861 3743 virtutes,
875 3671 963 3748 copia
984 3679 1015 3730 et
1028 3670 1165 3731 facilitas.
1208 3673 1286 3732 Nam

179 3767 233 3827 ille
255 3766 372 3826 demum
396 3764 562 3824 laudandus
583 3773 638 3838 est,
655 3764 706 3842 qui
728 3763 837 3842 partim
859 3761 896 3822 ad
918 3781 1005 3821 unam
1027 3781 1089 3822 rem
1112 3760 1286 3824 firmandam

180 3859 276 3919 multa
290 3857 419 3936 reperire
433 3856 543 3938 potuit,¹
552 3857 659 3935 partim
674 3874 709 3915 ea
722 3855 922 3934 potissimum,
938 3873 1005 3933 quae
1020 3875 1087 3915 eum
1102 3865 1286 3918 caumarcrc

180 3949 337 4011 cohaerent
352 3958 384 4008 et
398 3943 565 4009 auditorum
580 3947 688 4026 cuique
708 3947 795 4007 facile
809 3947 838 4006 in
853 3955 980 4006 mentem
999 3947 1096 4007 venire
1113 3958 1285 4026 potueruut.

180 4045 249 4104 iam
263 4041 351 4120 copia
365 4041 542 4102 inventionis
557 4042 598 4103 ita
610 4043 686 4102 valet
701 4040 866 4112 AEsehioes,
879 4049 985 4120 utnon
1005 4041 1104 4101 solum
1115 4043 1285 4110 acutissime

180 4134 407 4205 animadvertat,
424 4153 492 4213 quae
508 4134 597 4194 insint
612 4134 642 4194 in
661 4133 746 4193 read
765 4131 983 4212 persuasionem
998 4131 1105 4192 idonea
1123 4145 1154 4194 et
1170 4135 1286 4211 excogi-

180 4227 237 4288 tari
255 4225 373 4307 possint
389 4226 428 4286 ab
447 4235 564 4300 oratore
583 4243 680 4286 rerum
702 4243 758 4284 usu
780 4226 952 4295 exercitato,
973 4223 1026 4284 sed
1045 4234 1076 4284 et
1095 4245 1132 4284 ea
1150 4225 1284 4302 reperiat,

183 4337 251 4396 quae
264 4318 391 4380 fortasse
405 4338 492 4381 nemo
506 4319 582 4379 alius
597 4317 724 4398 reperire
744 4325 775 4376 et
794 4317 894 4377 videre
910 4316 1051 4395 potnerit.
1095 4316 1162 4374 Vim
1182 4324 1214 4376 et
1233 4336 1285 4376 oo-

182 4411 261 4488 piam
281 4411 460 4473 inventionis
480 4411 603 4472 maxime
623 4431 660 4471 eo
681 4411 711 4470 in
726 4410 793 4470 loco
811 4409 1030 4481 demonstravit,
1046 4408 1097 4468 ubi
1115 4407 1286 4484 imperatori

182 4501 225 4562 illi
239 4502 385 4580 ejusmodi
399 4503 600 4566 defensionem
614 4502 729 4580 tribuit,
744 4521 760 4564 e
772 4502 900 4582 quesibi
914 4500 1088 4563 uberrimam
1101 4498 1219 4561 dicendi
1231 4519 1285 4570 oo,-
