3125 5134
284 392 351 458 xxii
659 391 697 458 C.
721 393 757 458 F.
783 389 1004 458 MA'l'l'HAEl

281 554 441 616 dolentiam
451 555 481 613 in
492 552 577 614 obitu
592 551 662 614 filiae
677 553 823 614 criminari
830 564 862 614 et
871 573 978 633 sugere
986 553 1059 623 volt,
1069 545 1127 610 nou
1140 549 1212 613 (licit
1221 569 1289 610 eum
1302 550 1375 609 smi-

280 648 353 708 slsse
368 647 467 719 filiam,
481 648 534 708 sed
553 653 605 720 τὴν
622 651 712 726 μόνην
734 651 780 705 καὶ
798 651 909 726 sepsistis
929 648 1015 708 citreis
1034 649 1141 724 scripu
1158 649 1374 723 προσειποῦσαν.

280 744 317 813 (κ.
331 740 454 821 Κτησιφ.
468 741 493 809 i.
508 737 573 813 κδ’.)
604 740 647 798 Ex
662 739 817 800 innumeris
832 739 973 818 exemplis
985 757 1082 816 pauca
1094 736 1192 816 posui.
1223 737 1283 795 Res
1296 737 1373 796 eninr

281 830 319 889 ad
330 831 552 908 intelligendum
565 829 669 900 facilis,
684 839 714 890 et
728 832 768 891 ita
782 831 870 910 copia
880 831 1000 890 dicendi
1010 829 1164 890 AEscbines
1174 829 1261 900 valet,
1271 836 1305 886 ut
1318 826 1374 886 lsao

282 922 402 999 quidem
416 923 522 984 uirtute
535 923 664 1000 reliquos
677 942 779 984 ornnes
793 939 932 1002 superare
945 923 1090 983 videatur.
1129 921 1220 980 Nunc
1230 927 1331 990 restat,
1342 926 1374 978 ut

282 1013 320 1074 dc
331 1033 428 1074 rerum
440 1016 527 1092 copia
540 1014 648 1086 dicans,
659 1033 726 1092 quoe
741 1015 869 1074 existite
883 1015 1005 1092 copiosa
1014 1022 1252 1092 argumentorum
1266 1019 1375 1072 tracta-

281 1105 600 1175 tione,·similitudlnurn
611 1117 641 1168 et
655 1108 856 1185 exemplorum
868 1106 1065 1176 multitudiue,
1076 1106 1149 1166 locis
1159 1104 1373 1175 communibus,

280 1197 509 1274 digressionibus
523 1207 553 1258 et
566 1199 743 1278 interpositis
756 1198 919 1259 sententiis.
947 1199 993 1258 De
1007 1198 1063 1257 illis
1077 1197 1223 1276 prioribus
1236 1195 1375 1256 admonui
1403 1259 1407 1264 ,

282 1288 368 1359 intra,
383 1288 421 1350 de
443 1287 564 1350 infinitis
586 1309 655 1351 vero
679 1291 902 1367 quasuonibm,
921 1288 1151 1369 digressionibus
1171 1299 1202 1349 et
1223 1288 1374 1348 sententiis

282 1399 360 1440 nuuc
374 1399 528 1460 exponam.

727 1561 857 1628 SECT.
882 1561 926 1627 V.

310 1707 316 1714 '
416 1691 466 1767 De
481 1708 552 1768 locis
566 1707 771 1780 communibus,
788 1707 1023 1788 digressionibus
1036 1713 1064 1767 et
1078 1709 1240 1767 sententiis.

321 1848 364 1918 Ut
376 1848 408 1925 ii,
421 1848 472 1924 qui
491 1847 546 1906 iter
560 1846 681 1930 iaciunt,
697 1828 846 1908 interdum
868 1848 1003 1908 incidunt
1024 1847 1054 1908 in
1071 1849 1136 1910 loca
1151 1848 1190 1907 ob
1204 1847 1270 1908 coeli
1283 1848 1373 1908 incle-

281 1939 517 2009 nuntiandum,
534 1941 608 2000 neris
629 1940 770 2016 gravitate
792 1940 889 2010 noxis,
903 1939 1065 2000 incolarum
1087 1939 1221 2000 barbaris
1242 1939 1372 2000 moribus

279 2031 340 2092 sera
359 2040 390 2091 et
411 2033 542 2104 molesta,
563 2031 690 2110 ideoque
705 2031 803 2092 subito
821 2051 857 2092 ea
873 2033 1054 2109 relinquunt,
1070 2031 1216 2092 interdum
1233 2032 1322 2093 iidem
1341 2033 1373 2092 in
1501 2106 1505 2115 .

278 2123 351 2182 locis
365 2124 581 2194 anterioribus,
597 2124 672 2183 inter
687 2123 820 2184 homines
832 2124 1003 2184 commodos
1021 2132 1052 2185 et
1069 2144 1172 2185 suaves
1185 2126 1372 2204 moribusque

278 2215 386 2294 politos
396 2216 520 2276 libenter
535 2226 565 2276 et
580 2205 692 2276 utiliter
705 2225 864 2288 morantur,
878 2216 937 2276 buc
952 2216 1021 2276 illuc
1034 2217 1226 2278 attentionem
1234 2219 1372 2298 dirigunt,

278 2306 488 2386 digrediantur,
502 2307 632 2368 locorunr
649 2309 721 2369 situs
736 2317 929 2386 cognoscunt,
950 2309 1066 2368 orbium
1081 2308 1207 2369 aedilicia
1221 2311 1372 2382 mirantur,

277 2399 474 2476 potentiorum
496 2399 624 2459 favorem
639 2409 788 2478 quaerunt,
808 2401 951 2460 amicitias
971 2401 1166 2462 contrahunt:
1183 2402 1224 2460 lta
1243 2413 1372 2464 oratores

277 2507 485 2568 nonnunquam
502 2491 532 2550 in
546 2491 619 2551 locis
635 2490 813 2568 quibusdam
824 2512 883 2551 oon
899 2493 993 2553 minus
1008 2493 1128 2563 utiliter,
1144 2512 1232 2571 quam
1244 2494 1372 2555 libenter

274 2581 385 2642 diutius
400 2592 558 2642 versantur.
599 2584 667 2654 Sed,
691 2592 722 2643 ut
737 2603 792 2643 nec
811 2585 832 2644 ii
851 2585 915 2656 iter,
935 2585 1101 2663 prasertim
1122 2586 1251 2663 longum,
1270 2597 1370 2647 essent

275 2672 448 2746 conlecturi,
472 2674 524 2752 qui
546 2675 657 2753 ubique
678 2675 835 2734 subsistere
851 2676 968 2747 vellent,
983 2697 1040 2737 nec
1060 2695 1193 2756 magnam
1215 2675 1369 2736 utilitatem

275 2785 312 2826 ex
335 2768 564 2826 commoratione
583 2777 683 2827 essent
704 2769 886 2846 percepturi,
904 2769 928 2828 si
951 2768 1032 2842 nibil,
1054 2769 1110 2827 nisi
1125 2768 1274 2828 oculorum
1291 2770 1370 2829 volu-

274 2865 388 2935 ptatem
397 2869 579 2940 quaererent3
593 2859 633 2918 ita
647 2879 703 2918 uec
716 2870 862 2920 oratorem
876 2861 963 2922 decet
977 2871 1036 2920 tam
1050 2851 1249 2939 importunum
1261 2869 1292 2922 et
1305 2883 1370 2923 mo·

274 2950 379 3009 lestunr
401 2969 475 3020 esse,
496 2959 529 3008 ut
552 2969 701 3027 nunquam
723 2950 868 3020 discedat,
883 2971 938 3012 uec
951 2952 1095 3030 voluptati
1116 2953 1230 3012 aurium
1251 2971 1369 3031 persua·

274 3041 384 3100 sionem
398 3049 429 3098 et
443 3041 593 3099 victoriam
608 3050 799 3117 postponere.
827 3043 903 3109 Quo
917 3063 986 3102 vero
1001 3055 1069 3105 sunt
1079 3065 1115 3104 aa
1128 3046 1205 3117 loca,
1220 3047 1368 3124 inquibus

274 3143 419 3192 oratorem
434 3131 539 3190 morari
553 3139 604 3190 aut
618 3131 732 3208 digredi
746 3131 906 3191 convenit?
927 3134 970 3193 Iis
984 3136 1130 3208 nimirum,
1139 3137 1169 3195 in
1179 3137 1286 3213 quibus
1299 3159 1367 3198 cum

275 3245 371 3286 causae
387 3224 513 3284 utilitate
527 3233 558 3283 et
568 3223 765 3282 delectatione
776 3223 944 3284 auditorum
958 3245 1019 3286 are
1033 3227 1195 3304 proposita,
1206 3231 1368 3306 apersonis

274 3329 305 3380 et
317 3319 403 3380 factis
422 3317 541 3396 singulis
562 3317 600 3376 ad
622 3315 817 3394 qoaesticnem
839 3316 991 3388 infinitam,
1005 3319 1174 3384 abbomine
1188 3320 1325 3380 modesto
1337 3331 1369 3382 et

274 3411 343 3470 lorti
356 3431 478 3471 avocare
491 3419 589 3490 potest
603 3409 765 3468 orationem
779 3409 817 3468 ad
832 3409 948 3468 landem
963 3419 994 3470 et
1014 3421 1145 3471 natumm
1166 3413 1318 3474 modestiae
1338 3423 1368 3474 et

275 3503 464 3564 fortitudinis.
505 3503 540 3562 ld
564 3500 721 3561 AEscbines
746 3501 774 3560 in
799 3501 936 3560 omnibus
959 3502 1142 3562 orationibus
1167 3503 1208 3563 ita
1231 3504 1313 3578 fecit,
1335 3516 1367 3567 ut

274 3596 370 3673 copia,
391 3597 542 3667 varietate,
566 3594 702 3665 utilitate,
719 3594 862 3654 suavitate
881 3603 912 3654 et
928 3605 1033 3656 ornatu
1053 3596 1282 3656 clarissimorum
1301 3617 1367 3660 ora·

274 3699 372 3748 torum
386 3688 486 3748 landes
499 3687 677 3747 labefactare
692 3685 837 3749 uideatur.
871 3688 1002 3747 Omnino
1016 3689 1094 3748 enim
1108 3687 1156 3747 bic
1171 3698 1270 3750 orator
1279 3693 1366 3770 copis

272 3791 306 3843 et
317 3782 498 3842 abundantia
511 3791 542 3841 et
554 3781 745 3859 amplitudine
761 3781 901 3841 omtiouis
915 3781 992 3842 inter
1005 3790 1112 3842 omnes*
1126 3783 1223 3842 clarus
1236 3793 1267 3843 et
1282 3793 1366 3844 nota·

276 3875 340 3936 bilis
359 3875 460 3935 haberi
478 3875 577 3934 debet.
619 3873 654 3932 ln
667 3873 744 3934 banc
757 3893 818 3934 rem
832 3874 944 3935 laudari
959 3885 1080 3952 possunt
1093 3875 1160 3934 loca
1172 3875 1211 3934 de
1223 3876 1364 3952 majorum

274 3969 304 4028 in
321 3967 483 4027 tribuendis
501 3965 669 4026 muneribus
689 3966 816 4044 publicis
830 3965 1008 4045 frugalitate,
1022 3969 1059 4045 (r.
1072 3968 1195 4048 Κτησιφ.
1208 3978 1233 4044 ς.
1246 3967 1314 4043 vi'.)
1327 3969 1365 4030 de

171 4134 176 4142 ,
273 4059 431 4121 eomudenr
447 4061 600 4120 severitate
614 4058 645 4116 in
654 4059 826 4137 judicandis
840 4069 964 4140 γραφαῖς
977 4063 1162 4138 παρανόμων,
1173 4059 1259 4136 (ibid.
1271 4063 1293 4124 l.
1307 4061 1367 4136 εδ.)

274 4154 313 4214 de
334 4153 453 4212 bomine
467 4154 613 4230 populari,
627 4154 712 4229 (ibid.
727 4165 752 4233 ς.
768 4152 830 4225 vi.)
842 4151 880 4212 de
901 4152 1039 4230 utilitate,
1058 4172 1147 4229 quom
1159 4152 1284 4229 juvenes
1298 4173 1366 4233 per-

273 4247 387 4326 cipiunt
406 4266 422 4305 e
441 4245 564 4322 judiciis
577 4247 713 4324 publicis,
728 4245 813 4323 (ibid.
825 4253 850 4321 t.
863 4246 926 4320 soi.)
940 4245 977 4304 de
992 4244 1158 4304 hominibus
1172 4246 1312 4324 improbis
1334 4245 1364 4307 in

274 4339 426 4416 republica
441 4357 499 4398 non
511 4337 649 4410 ferendis,
659 4337 745 4414 (ibid.
757 4340 779 4408 i.
795 4338 856 4417 py'.
870 4336 934 4412 lin.)
947 4336 985 4396 de
1000 4337 1145 4398 modestia
1154 4347 1285 4401 veterum
1297 4359 1364 4399 ora-

274 4440 380 4502 torum,
391 4433 427 4509 (e.
440 4429 570 4511 Τιμάρχ.
581 4442 605 4509 ς.
619 4431 652 4490 ς’.
664 4429 753 4503 med.)
762 4428 800 4488 de
811 4429 895 4488 famae
906 4427 945 4502 vi,
957 4428 1042 4503 (ibid.
1052 4441 1076 4508 ς.
1085 4432 1133 4498 κζ’.
1148 4429 1237 4505 med.)
1246 4431 1364 4491 decon-

274 4523 428 4584 suctudine
449 4523 602 4584 Harmodii
623 4531 654 4582 et
667 4519 886 4598 Aristogitonis,
901 4520 987 4598 (ibid.
1007 4518 1030 4586 i.
1047 4525 1089 4592 sil.
1104 4519 1171 4596 fin.)
1184 4521 1221 4582 de
1236 4523 1365 4582 amicitia
