3125 5134
312 477 318 488 .
425 393 491 460 DE
512 389 725 466 AESOHINE
747 394 979 464 ORATORE.
1148 401 1248 466 xxxiii

7 573 9 594 ¹
153 555 316 637 δοκιμασία,
330 555 459 634 primunr
469 566 680 617 commemorat
694 557 771 635 leges
784 555 823 616 dc
837 555 992 635 disciplina
1003 555 1133 634 publica,
1144 557 1251 620 deinde

7 633 8 646 '
92 705 95 712 ,
153 651 242 710 non
262 648 416 726 armanni
436 648 474 713 au
496 648 550 708 uas
569 648 648 727 reges
668 647 826 709 examinat.
864 649 922 709 ure
943 649 1030 709 rasus
1043 660 1177 728 apparet,
1191 652 1252 729 pn-

152 761 231 802 mam
259 741 400 803 orationis
426 747 541 820 pattena
568 739 715 800 difficilem
743 740 880 800 babuisse
904 742 1116 802 tractationem.
1157 741 1251 821 Leges

151 835 229 895 enim
243 835 401 914 separatim
414 841 568 912 spectatas,
583 827 645 893 sinc
659 834 791 894 examine
811 835 889 906 ritae,
908 833 1002 894 rideri
1020 842 1157 913 poterant
1176 853 1251 912 qna

152 927 314 987 dammodo
334 925 534 1004 imprudenter
554 925 677 986 divulsa
696 944 714 985 a
733 945 823 986 causa
844 927 917 1004 ipsa.
959 925 1019 986 Sed
1036 927 1095 987 hoc
1112 944 1172 985 non
1189 927 1251 986 siue

152 1037 266 1078 summa
280 1017 439 1096 prudentia
457 1015 538 1077 iecit.
580 1017 697 1078 Crimen
712 1019 800 1091 enim,
814 1017 896 1096 quod
909 1017 1072 1090 deferebat,
1085 1018 1252 1098 negligeba-

151 1119 210 1182 tur,
221 1119 253 1170 et
264 1109 383 1172 reusch
393 1110 501 1169 multos
512 1127 530 1168 a
544 1129 577 1169 se
589 1118 687 1188 gestos
701 1109 887 1188 magistratus
900 1120 965 1170 erat
978 1111 1076 1170 clarus
1087 1118 1119 1170 et
1132 1109 1250 1170 nobilis.

151 1201 246 1280 Igitur
259 1202 414 1280 perleges,
428 1201 469 1261 ob
482 1200 681 1280 legislatorum
697 1219 839 1262 summam
851 1202 1056 1263 anctoritatem
1068 1201 1149 1282 apud
1159 1202 1252 1263 Athe·

151 1293 272 1354 nienses
286 1303 401 1354 sanctas
413 1302 444 1353 et
458 1293 652 1364 inviolabiles,
667 1293 799 1354 orationi
810 1313 873 1355 aaa
886 1294 993 1355 debuit
1005 1294 1119 1375 aperire
1133 1294 1207 1355 riam
1221 1295 1252 1353 ia

152 1385 334 1446 audientium
348 1385 472 1466 animus.
514 1387 553 1445 Et
570 1386 650 1464 leges
664 1405 779 1464 semper
791 1385 834 1446 ita
851 1387 998 1460 metavit,
1017 1396 1051 1446 ut
1070 1405 1120 1448 eas
1139 1387 1251 1465 ubique

153 1479 346 1556 conjungeret
360 1495 430 1538 cum
443 1495 542 1548 mrum,
557 1489 589 1539 et
601 1477 792 1538 Timarchum
804 1478 1042 1558 reprehenderet.
1074 1480 1108 1538 ln
1119 1479 1252 1539 oratione

153 1568 193 1628 de
203 1567 276 1628 salsa
288 1568 434 1647 legatione
449 1587 487 1628 ue
501 1569 623 1645 quidam
636 1569 871 1648 propositionem
885 1570 995 1648 posuit,
1010 1570 1063 1628 sed
1076 1569 1115 1629 ad
1127 1570 1252 1629 crimina

153 1659 365 1721 Demosthenis
380 1661 422 1720 ita
434 1661 605 1740 respondet,
623 1672 658 1721 ut
670 1661 793 1738 incipiat
805 1661 844 1721 ab
857 1661 902 1733 iis,
917 1661 1027 1739 quibus
1039 1661 1165 1721 maxime
1178 1660 1252 1721 iide-

153 1753 218 1826 bat,
231 1771 250 1812 a
262 1752 429 1812 narratione
442 1751 479 1812 de
495 1771 570 1831 pace
590 1772 644 1830 per
662 1752 861 1814 Philocratem
880 1764 912 1814 et
930 1753 1162 1813 Demosthenem
1182 1771 1251 1812 cum

152 1845 296 1923 Philippo
313 1844 400 1915 from,
420 1843 525 1906 deinde
544 1845 724 1924 reliquorum
740 1845 894 1905 criminum
906 1845 1112 1906 refutationem
1125 1845 1164 1906 de
1178 1845 1251 1906 Cer·

153 1936 291 2015 soblepte
309 1945 340 1996 et
360 1935 553 1996 Phcceusium
571 1937 688 1998 excidio
703 1936 800 2014 addit,
818 1944 850 1996 et
861 1936 1005 1997 diluendo
1017 1938 1138 1998 crimine
1151 1937 1251 2016 prodi·
1300 1935 1304 1947 “

152 2027 242 2090 tionis
262 2026 463 2090 defensionem
483 2029 630 2088 terminat.
671 2030 750 2107 Ergo
770 2027 891 2107 ubique,
917 2029 1000 2107 qnod
1021 2029 1060 2088 ab
1078 2029 1162 2090 initio
1179 2029 1252 2100 diui,

151 2121 275 2180 manime
289 2109 423 2181 utilitatis
436 2119 643 2182 inordinanda
660 2121 793 2182 oratione
814 2120 919 2181 babuit
940 2121 1094 2197 rationem,
1118 2121 1200 2199 quod
1219 2121 1250 2180 in

152 2212 333 2273 orationibus
342 2211 536 2289 judicialibus
550 2215 636 2273 unice
649 2213 832 2292 sequendum
846 2224 930 2292 puto.
962 2215 1037 2287 Jam,
1052 2223 1087 2274 ut
1096 2213 1250 2274 artificium

152 2305 292 2366 orationis
321 2303 543 2383 quodammodo
571 2315 723 2384 appareat,
751 2306 819 2366 loca
846 2307 982 2386 quadam
1007 2306 1156 2378 indicabo,
1182 2326 1251 2387 quoe

153 2397 279 2458 oratoris
290 2397 484 2457 calliditatem
496 2407 527 2458 et
539 2398 726 2476 prudentiam
746 2399 898 2460 manifeste
912 2401 1072 2461 declarant.
1113 2399 1250 2460 Difficilis

152 2509 222 2550 sane
238 2489 277 2550 ad
294 2489 502 2569 explicandum
525 2510 571 2550 res
595 2491 745 2570 magisque
766 2502 838 2570 apta
861 2493 1027 2572 interpretis
1048 2489 1250 2563 admonitioni,

153 2601 241 2660 quam
264 2581 445 2660 disputantis
467 2582 718 2644 demonstrationi.
741 2575 743 2578 ’
759 2584 916 2662 Ejusmodi
936 2585 1013 2646 enim
1027 2585 1160 2645 locorum
1173 2604 1251 2663 prar-

151 2675 259 2736 stantia
277 2675 455 2753 plerumque
476 2675 578 2736 melius
605 2695 642 2736 ex
666 2684 740 2750 toto,
766 2696 854 2756 quam
880 2698 917 2736 ex
940 2677 1071 2756 partibus
1095 2676 1251 2753 separatim

152 2767 294 2844 spectatis
307 2766 509 2846 cognoscitur.
550 2767 705 2827 Neminem
719 2776 818 2828 autern
832 2778 904 2846 puto
918 2768 981 2826 sore
994 2767 1035 2826 ita
1047 2767 1144 2826 alieno
1154 2766 1251 2826 animo

151 2860 193 2919 ab
207 2859 357 2932 AEschine,
372 2859 443 2937 quin
457 2859 495 2931 ei,
510 2859 534 2919 si
547 2860 683 2938 reperiat,
697 2880 763 2921 cunr
778 2879 857 2938 sape
874 2880 934 2919 uuo
946 2860 1014 2920 loco
1029 2861 1089 2919 duo
1101 2871 1153 2920 aut
1166 2863 1253 2939 plura

149 2948 299 3022 effecisse,
312 2951 473 3028 pmdentiae
484 2961 514 3011 et
528 2952 642 3030 peritiae
655 2951 771 3012 laudem
781 2953 904 3014 tribuat.
942 2955 1035 3032 Atqui
1048 2953 1079 3012 id
1090 2953 1251 3031 sepissime

154 3041 296 3121 perfecit.
330 3043 387 3102 ‘Sic
406 3047 447 3120 (r.
460 3042 652 3124 Παραπρεσβ.
668 3055 689 3124 t.
706 3044 772 3123 ld.)
791 3048 828 3105 do
843 3045 872 3105 in
885 3047 963 3118 loco,
979 3047 1030 3108 ubi
1044 3047 1252 3107 Demosthenis
1325 3068 1332 3078 ·
1377 3064 1381 3073 “

153 3133 327 3207 orationem,
344 3155 432 3213 quam
453 3135 483 3196 in
504 3137 632 3197 secunda
646 3138 792 3217 legatione
807 3139 845 3198 ad
861 3139 1031 3220 Philippum
1045 3140 1090 3199 sui
1103 3159 1252 3201 commen·
1363 3132 1370 3153 ’

152 3223 243 3285 dandi
257 3245 345 3287 causa
360 3228 511 3302 habuerat,
525 3239 670 3302 recenset,
685 3229 783 3291 denuo
797 3231 885 3292 iactas
898 3251 954 3310 per
965 3251 1032 3294 eum
1052 3241 1083 3292 et
1098 3233 1250 3293 Philocra-

150 3327 212 3378 tem
231 3339 297 3380 cum
317 3320 455 3401 Philippo
474 3322 557 3400 pacis
577 3331 608 3382 et
628 3323 788 3395 societatis,
813 3322 903 3384 studii
921 3343 990 3402 erga
1009 3325 1073 3402 ejus
1090 3325 1203 3403 legatos
1219 3332 1250 3384 et

150 3411 275 3490 hospitii
295 3421 325 3472 et
348 3413 501 3474 criminum
522 3415 661 3487 omnium,
686 3435 753 3494 quac
770 3415 798 3476 ei
811 3415 908 3477 'antea
928 3416 1013 3496 (ibid.
1027 3429 1052 3497 ς.
1066 3419 1113 3493 ζ’.)
1133 3415 1251 3494 objece-

149 3511 206 3576 rat,
221 3505 389 3564 memoriam
404 3514 523 3590 renovat
535 3514 568 3566 et
585 3505 678 3586 ipsius
697 3508 857 3568 adversarii
877 3509 1011 3569 oratione
1031 3516 1062 3568 et
1081 3509 1251 3570 testimonio

150 3599 245 3660 utitur
265 3599 302 3659 ad
328 3619 397 3660 eum
417 3601 639 3663 criminandum.
681 3604 768 3678 item,
791 3603 842 3663 ubi
864 3604 1049 3685 Ctesiphonti
1073 3604 1251 3666 detensionis

151 3691 286 3751 ordinem
297 3691 481 3775 praescribit,
492 3694 574 3766 facit,
591 3704 624 3755 nt
637 3694 754 3773 judices
770 3697 900 3757 omnium
914 3697 1109 3758 accusationis
1123 3699 1251 3778 partium
1266 3689 1271 3696 ’

146 3781 350 3844 recordentua
393 3785 459 3844 Jam
479 3804 546 3845 cunr
560 3784 716 3865 judicibus
736 3797 766 3848 et
786 3788 845 3849 reis
865 3808 1015 3850 assensum
1030 3789 1199 3870 extdrquct,
1218 3801 1253 3853 ut

106 3892 111 3900 ·
148 3875 209 3935 boc
221 3874 253 3934 in
267 3877 345 3948 loco,
364 3877 425 3936 ubi'
436 3879 501 3938 haec
524 3877 562 3938 ad
578 3878 698 3955 judices
709 3879 802 3952 dicit:
823 3885 863 3958 (κ.
877 3881 1004 3962 Τιμάρχ.
1025 3886 1049 3957 t.
1064 3885 1128 3959 ιγ’.)
1145 3887 1207 3962 περὶ
1221 3883 1253 3944 οὗ

147 3966 359 4044 (Hcgcsandt'i,
375 3969 449 4028 socii
467 3971 629 4048 Timanthi)
652 3973 746 4032 πάλαι
766 3971 798 4032 ed
813 3971 863 4034 oli·
881 3974 924 4035 ὅτι
943 3971 1111 4054 θαυμάζετε,
1130 3975 1199 4036 διότι
1219 3981 1252 4036 uir

148 4061 304 4139 μέμνημαι.
326 4059 413 4128 οὕτως
426 4061 546 4142 ἐναργές
560 4063 646 4140 ἐστιν,
662 4065 677 4123 ὃ
690 4065 794 4143 ἑρῶ,ο1
807 4065 887 4137 alibi,
899 4066 950 4126 ubi
960 4066 998 4127 de
1013 4068 1207 4147 Ctesiphonte
1219 4078 1253 4129 et

149 4149 351 4211 Demosthene
366 4152 431 4213 hoee
445 4153 593 4232 praedicat
610 4158 646 4232 (r.
660 4156 782 4237 Κτησιφ.
797 4159 824 4227 S.
837 4157 890 4234 od.)
909 4161 1102 4240 περιέρχονται
1113 4165 1165 4232 τὸν
1183 4165 1252 4236 dyc·

146 4244 206 4320 pdr
220 4241 341 4315 ἀληθεῖς
358 4247 416 4304 κατ’
432 4249 568 4316 ἀλλήλων
588 4249 704 4327 ἔχοντες
722 4247 803 4322 δόξας
825 4253 870 4308 rol
886 4245 992 4326 λόγως
1014 4253 1047 4310 ori
1070 4251 1180 4329 ψευδεῖς
1203 4253 1252 4308 λέ-

147 4354 259 4407 vat·
279 4337 296 4393 d
315 4337 370 4415 μὲν
383 4342 442 4416 γὰρ
453 4339 607 4422 Κτησιφῶν
620 4337 654 4400 od
666 4341 697 4400 τὸ
712 4343 770 4400 καθ
785 4343 872 4402 airrdr
884 4354 952 4424 poor
966 4341 1131 4424 φοβιῖσθαι·
1145 4343 1252 4410 ἐλπίζει
1307 4389 1310 4394 .

146 4425 306 4505 ydp'ddtzo
321 4429 430 4503 idtdmc
443 4428 527 4506 εἶναι,
542 4435 621 4496 child
635 4438 684 4506 τὴν
697 4443 745 4495 τοῦ
759 4435 956 4515 Δημοσθένους
966 4438 997 4497 ir
1010 4440 1045 4513 rii
1058 4438 1184 4510 rohrrtlp
1197 4428 1265 4493 du?

144 4517 281 4598 podorlrw
293 4525 360 4602 φησὶ
373 4521 529 4602 φοβεῖσθαι
543 4527 589 4585 roi
601 4531 652 4600 τὴν
664 4528 823 4696 &parsi-ollas
836 4532 881 4589 rol
896 4529 1031 4589 &dicad
1049 4526 1080 4588 δὲ
1103 4526 1252 4608 Ammoi·

191 4621 273 4671 vol..
288 4623 313 4674 1.
698 4673 702 4683 .
