3125 5134
445 416 508 484 DE
530 417 744 486 AESCHINE
766 416 995 485 ORATORE·
1193 416 1264 484 xliii
1374 477 1387 498 ,.

165 580 254 640 nibus
275 597 342 639 cum
361 577 753 658 adversariopotentissimo
772 579 949 654 decertaret,
963 577 1162 640 innocentiam
1181 597 1262 638 snam

164 681 301 744 testatur,
317 671 524 732 Demosthenis
536 672 745 751 malignitatem
758 681 790 733 et
802 671 1029 732 fraudulentiam
1043 671 1222 749 criminatur,
1236 669 1265 729 ei

164 764 302 824 insidiam
324 763 443 834 contiat,
465 783 517 822 sua
537 763 568 823 in
588 766 800 842 rempublicam
815 763 966 836 beneficia,
988 764 1218 824 benevolentiam
1232 769 1264 822 et

164 857 398 916 moderationem
413 855 546 915 modeste
559 866 781 927 commemorat,
803 864 954 936 patronos,
979 855 1199 934 honestissimos
1219 853 1264 912 ri·

166 965 229 1024 ros,
254 947 391 1017 advocat,
416 945 633 1023 deprecatores,
659 958 810 1026 parentem
842 967 949 1019 senem,
975 947 1079 1007 iratres
1100 947 1210 1006 meritis
1233 947 1264 1005 in

166 1039 381 1117 rempublicam
392 1037 498 1109 claros,
514 1048 572 1098 tres
584 1040 703 1110 liberos,
719 1037 807 1100 oeta‘te
817 1039 962 1112 innoxios,
972 1039 1104 1116 periculo
1116 1039 1207 1118 patris
1220 1039 1264 1097 in·

166 1129 269 1190 felices
283 1140 313 1190 et
328 1131 508 1190 miserandos
521 1131 550 1190 in
565 1141 756 1210 conspectum
767 1131 902 1208 judicum
915 1129 1049 1203 adducit,
1070 1152 1101 1190 se
1120 1133 1215 1208 ipsum
1234 1131 1265 1190 in

128 1247 130 1252 ·
169 1233 253 1284 tanta
267 1224 434 1284 calamitate
448 1224 674 1301 imperterritum
696 1225 837 1297 ostendit,
858 1224 923 1302 plus
943 1225 981 1284 de
1002 1225 1080 1284 fama
1100 1233 1130 1282 et
1149 1224 1265 1285 mmeria

169 1335 298 1387 suorum,
314 1316 455 1394 quamde
476 1325 569 1374 morte
583 1315 735 1387 sollicitus,
745 1317 899 1392 judicibus
920 1326 950 1376 et
971 1316 1095 1394 legibus,
1118 1327 1156 1376 ut.
1170 1318 1266 1378 virum

168 1407 274 1467 fortem
298 1419 328 1467 et
353 1409 506 1466 honestum
531 1407 629 1479 decet,
645 1409 733 1468 vitam
757 1417 788 1468 et
811 1410 933 1468 salntem
958 1429 1072 1469 omnem
1099 1410 1266 1472 committit.

168 1501 204 1560 In
225 1501 283 1562 fine
306 1500 447 1560 orationis
471 1509 575 1560 contra
599 1501 835 1579 Ctesiphontem,
851 1501 1022 1561 violatarum
1043 1503 1138 1580 legum
1153 1502 1264 1563 crimen

161 1603 265 1670 auget,
287 1593 516 1654 Demosthenem
539 1593 725 1672 reliquosque
746 1602 887 1672 patronos
910 1592 1015 1668 rejicit,
1030 1613 1047 1652 a
1062 1595 1265 1670 Ctesiphonte,
1341 1579 1344 1589 ¹

168 1687 347 1763 utipsepro'
361 1705 392 1746 se
406 1685 505 1756 dicat,
526 1685 664 1762 postulat,
687 1685 804 1746 modum
826 1684 1003 1745 defensionis
1022 1685 1197 1764 praescribit,
1214 1687 1265 1764 jn·

169 1775 263 1847 dices,
280 1787 312 1836 ut
326 1776 383 1836 sint
397 1776 488 1836 severi
502 1785 532 1836 et
543 1777 599 1836 sibi
613 1795 630 1835 a
642 1777 744 1836 fraude
759 1777 988 1840 adversariorum
1009 1785 1142 1856 caveant,
1164 1777 1265 1841 horta.

170 1877 233 1938 tur,
247 1867 389 1938 Solonem,
404 1867 573 1939 Aristidem,
593 1868 834 1940 Themistoclem,
856 1869 881 1927 si
900 1888 988 1932 aurea
1008 1888 1119 1929 corona
1139 1870 1267 1936 donetur

172 1960 398 2030 Demosthenes,
414 1959 614 2038 indignaturos
628 1981 765 2040 aegreque
779 1961 889 2021 laturos
903 1980 966 2021 esse
986 1960 1087 2033 docet,
1108 1962 1137 2020 in
1158 1981 1266 2044 campo

173 2050 361 2136 Marathonio
370 2059 400 2111 et
418 2050 456 2109 ad
470 2051 594 2110 Plataeas
608 2071 751 2120 caesorum
767 2071 823 2132 pro
832 2051 931 2131 patria
949 2071 1057 2125 manes,
1071 2062 1102 2112 et
1122 2054 1267 2130 majorum

171 2145 307 2221 sepulcra
332 2143 477 2220 ejulatum
503 2163 666 2222 vocemque
686 2151 789 2204 contra
811 2145 1038 2205 Demosthenem
1060 2145 1201 2206 emissura
1220 2147 1265 2208 in·

168 2235 389 2312 dignabundam
405 2243 434 2294 et
449 2233 577 2294 flebilem
590 2243 723 2307 testatur,
739 2245 769 2295 et
780 2237 809 2294 in
824 2236 889 2311 ejus
900 2235 1173 2296 condemnationem
1184 2237 1266 2312 deos,

171 2328 252 2398 deas,
267 2329 429 2386 universam
452 2335 584 2385 naturam
607 2327 746 2404 appellat.
788 2329 868 2406 Ergo
888 2329 977 2388 etiam
998 2327 1028 2388 in
1049 2329 1105 2390 hac
1125 2329 1265 2394 orationis

170 2428 255 2498 parte
269 2437 390 2499 magnus
404 2427 434 2478 et
448 2417 611 2497 probabilis
623 2430 722 2480 orator
736 2419 904 2480 AEschines.

570 2637 724 2705 SEGT.
757 2637 864 2706 VIII.

631 2783 796 2878 Conclusio.

212 2913 277 2974 Jam
291 2933 367 2992 opus
380 2922 425 2974 est
438 2911 562 2989 disjecta
576 2914 705 2973 membra
719 2890 750 2973 et
764 2913 884 2972 seorsim
896 2918 1029 2992 spectata
1048 2913 1078 2972 in
1093 2931 1181 2974 unam
1201 2933 1267 2975 cor·

170 3025 229 3085 pns
241 3005 377 3083 colligere
389 3015 419 3065 et
430 3005 580 3083 imaginem
595 3007 757 3085 exprimere
771 3005 946 3083 eloquentioe
954 3005 1109 3066 AEschinis.
1150 3008 1285 3088 Perspi·,

137 3157 139 3162 ,
171 3116 247 3158 cuus
259 3096 345 3176 igitur
357 3107 387 3157 et
400 3099 540 3158 facilitate
557 3099 816 3177 concipiendarum
831 3098 988 3177 imaginum
1001 3099 1131 3170 evidens,
1150 3109 1269 3161 senten·

173 3192 222 3251 tiis
243 3201 272 3252 et
293 3193 595 3272 verborumpondere
617 3193 758 3265 sublimis,
772 3193 875 3270 gravis,
889 3193 1024 3263 acerbus,
1039 3193 1205 3272 uehemens,
1218 3213 1270 3254 rs·
1383 3190 1388 3202 ’
1500 3199 1505 3208 ’

171 3283 275 3344 rietate
296 3285 444 3363 copiosus,
460 3295 589 3356 ornatus,
604 3286 744 3345 tenuitate
758 3284 892 3362 simplex,
903 3285 1042 3344 orationis
1055 3285 1212 3346 festiritste
1224 3283 1269 3346 fs·

173 3385 266 3446 cetus,
283 3376 445 3452 jucundus,
467 3377 680 3456 compositione
704 3377 788 3447 lenis,
809 3375 910 3453 figuris
931 3376 1037 3448 rarius,
1059 3377 1267 3438 mountiarum

170 3469 300 3529 novitate
313 3468 419 3540 audax,
433 3468 650 3529 in'inveniendo
670 3469 816 3546 locuples,
838 3468 869 3526 in
889 3459 1006 3528 delectu
1025 3477 1057 3528 et
1076 3468 1178 3528 ordine
1197 3488 1268 3548 prn-

171 3559 258 3631 dens,
279 3581 375 3620 rerum
386 3581 443 3622 usu
457 3563 592 3636 callidus,
605 3561 734 3622 moribus
748 3559 885 3623 comodis
898 3559 1073 3637 probabilis,
1088 3559 1116 3619 ri
1129 3568 1161 3620 et
1180 3560 1268 3640 copia

171 3663 406 3730 argumentorum
426 3664 455 3712 et
467 3653 623 3721 affectibus
638 3653 674 3712 ad
689 3650 916 3720 commovendos
930 3650 1077 3719 hominum
1090 3651 1202 3712 animos
1221 3651 1267 3716 in·
1371 3724 1373 3733 A

171 3754 302 3804 structus
314 3755 343 3804 et
356 3753 485 3823 paratus.
527 3745 620 3805 Recte
631 3765 709 3824 ergo,
725 3753 758 3802 ut
772 3741 894 3814 videtur,
912 3742 1069 3821 Dionysius
1081 3743 1267 3817 Halicarnas-

171 3835 266 3895 sensis
280 3835 447 3900 AEschiuem
461 3839 537 3900 inter
549 3837 696 3917 principes
709 3841 840 3899 oratores
854 3833 1025 3907 numeravit,
