3125 5134
280 380 371 448 xxxii
643 375 690 442 Ὀ.
713 373 750 441 Β.
774 371 995 441 Murrum
1042 397 1045 406 ·

276 542 355 622 piam
374 536 554 618 suppeditat,
574 542 606 594 et
620 534 670 594 uhi
685 532 820 608 testibus,
836 535 987 596 infamiam
1001 535 1182 607 timentibus,
1204 532 1375 606 destitutus,

277 631 478 704 Timarchum,
500 630 623 707 impurae
640 627 707 687 sitae
730 638 912 700 accusatum,
930 628 1106 706 prejudicio
1124 627 1238 706 populi,
1259 629 1375 689 consci-

279 725 356 784 entia
368 721 517 801 judicum,
533 721 618 781 famas
638 721 761 781 veritate
775 733 806 781 et
825 725 866 795 vi,
890 721 1102 801 Euripidisque
1123 723 1256 790 versibus
1276 731 1374 802 urget,

277 835 370 895 seque
383 815 512 875 ductise
526 824 630 874 natura
644 814 748 893 flagitii
761 815 940 893 argumentis
955 814 995 873 ob
1008 817 1125 875 testium
1141 815 1270 893 inopiam
1284 835 1376 877 excu-

274 915 335 982 sat,
356 915 388 967 et
400 905 511 967 crimen
525 905 679 982 probabile
693 906 803 967 reddit.
844 906 982 966 facilitas
999 905 1176 967 inuentionis
1196 907 1377 992 agnoscitur,

277 1001 303 1061 si
316 1009 416 1063 orator
429 999 516 1059 rebus
530 998 608 1058 notis
625 1008 654 1058 et
674 996 801 1077 vulgatis
820 1007 931 1058 etcum
945 1018 1035 1059 causa
1053 999 1233 1080 conjunctis,
1247 999 1377 1078 ideoque

273 1093 316 1154 ad
335 1090 571 1172 persuadendum
593 1091 917 1170 accommodatissimis,
931 1091 1042 1151 utiliter
1054 1101 1085 1152 et
1100 1093 1263 1172 prudenter
1276 1094 1377 1154 utitur.

273 1183 538 1264 'Hujusmodi‘sunt
552 1201 597 1259 aa,
611 1201 679 1262 qua
693 1182 732 1243 de
748 1190 844 1243 statua
857 1184 971 1244 Solonis
984 1184 1109 1263 ejusque
1123 1184 1225 1245 habitu
1240 1185 1377 1246 modesto

276 1282 318 1339 iu¹
331 1277 589 1357 reprehensionem
611 1275 803 1355 impudentias
825 1275 975 1337 'limarchi
995 1277 1080 1350 dixit,
1099 1287 1129 1338 et
1150 1277 1188 1339 de
1207 1277 1377 1356 frugalitate

230 1419 232 1424 .
276 1371 421 1448 majorum
437 1369 467 1428 in
481 1367 646 1428 tribuendis
661 1367 789 1448 praemiis
802 1368 928 1448 publicis
943 1367 981 1429 ad
996 1368 1164 1430 faciendam
1181 1369 1378 1434 Demostheni

271 1461 427 1525 iuvidiam.
469 1459 545 1520 Haec
561 1462 639 1521 enirn
657 1461 756 1520 omnia
772 1461 924 1522 ‘auditores
937 1471 1053 1534 norant,
1065 1481 1168 1524 omnes
1188 1463 1304 1524 Solonis
1317 1475 1378 1528 sta·

277 1563 358 1627 tuam
376 1553 511 1614 viderant
530 1561 561 1612 et
580 1553 618 1612 de
633 1553 780 1614 Miltiadis
793 1555 975 1634 aliorumque
989 1556 1119 1636 praemiis
1132 1556 1262 1636 publicis
1275 1557 1377 1618 audie·
1430 1577 1446 1586 “

272 1655 351 1718 runt,
365 1653 399 1706 ut
416 1645 493 1705 adeo
511 1645 577 1704 brec
597 1645 636 1705 ab
655 1655 772 1706 oratore
794 1648 1016 1708 commemorari
1035 1666 1055 1707 a
1078 1665 1167 1710 causa
1187 1649 1268 1708 nubo
1287 1649 1378 1710 modo
1420 1639 1426 1646 ’

277 1739 403 1799 alienum
418 1747 449 1797 et
470 1737 652 1815 inopinatum
672 1738 719 1796 sit.
759 1737 806 1797 Ex
821 1740 1008 1801 inventorum
1021 1741 1209 1801 multitudine
1224 1740 1377 1803 utilissima

276 1831 382 1912 eligere
402 1831 527 1890 oratoris
542 1828 697 1888 consilium
712 1837 743 1888 et
756 1830 945 1907 prudentiam
965 1834 1106 1911 postulat.
1146 1835 1214 1895 Hac
1225 1835 1255 1895 iu
1270 1855 1301 1897 re
1312 1856 1379 1898 ora·

274 1931 372 1984 torum
386 1920 436 1980 aiii
450 1918 610 1991 immodici,
625 1917 720 1991 effusi,
735 1919 869 1994 effrenes,
883 1924 1026 1983 orationis
1044 1926 1161 2005 copiam
1182 1938 1213 1988 et
1234 1929 1378 2008 impetum

185 2087 194 2101 ἡ
272 2033 362 2073 ruere
381 2014 492 2090 sinunt,
514 2011 666 2090 magisque
690 2011 831 2084 obruunt,
845 2032 932 2091 quam
951 2013 1062 2075 docent
1076 2017 1246 2091 auditores;
1269 2021 1318 2080 alii
1332 2041 1377 2082 se-

274 2103 468 2182 verisjejuni,
484 2104 561 2164 avari
576 2111 607 2163 et
620 2102 661 2163 nil
675 2103 730 2163 nisi
743 2106 870 2164 maxime
881 2107 1046 2168 necessaria
1055 2109 1093 2169 ad
1108 2107 1198 2171 fidem
1211 2112 1378 2176 faciendam

276 2196 439 2267 adhibent3
459 2196 510 2258 aiii
535 2196 612 2258 iuter
629 2205 789 2276 utrumque
816 2196 944 2259 medium
969 2207 1083 2280 tenent,
1108 2201 1220 2276 faciles,
1238 2202 1378 2281 jucundi,

277 2289 427 2370 florentes,
441 2288 534 2351 ornati
549 2298 579 2350 et
597 2289 683 2368 qussi
700 2289 827 2370 prolusi,
844 2291 901 2365 vel,
920 2290 1023 2352 melius
1043 2303 1078 2354 ut
1097 2293 1206 2368 dicam,
1227 2297 1378 2360 liberales.

274 2383 321 2444 Ex
338 2383 395 2444 hoc
416 2402 523 2462 genere
542 2381 699 2444 AEscbiues
714 2392 767 2444 est.
808 2381 886 2442 Nam
905 2393 936 2444 et
949 2387 1126 2462 argumentis
1140 2389 1231 2451 utitur
1245 2378 1379 2452 firmissi-

277 2475 343 2549 mis,
356 2482 387 2536 et
396 2474 512 2534 inutilia
526 2484 558 2534 et
571 2475 660 2534 noxia
670 2475 790 2550 omittit,
804 2483 835 2535 et
848 2477 972 2538 istorum
986 2478 1173 2540 severitatem
1187 2483 1332 2551 suavitate
1345 2493 1379 2545 et

275 2574 381 2630 ornatu
403 2575 556 2644 temperat,
575 2567 693 2626 iliorum
710 2567 855 2628 luxuriam
867 2577 898 2628 et
910 2571 1121 2634 abundantiam
1134 2585 1255 2636 coercet
1271 2585 1303 2637 et
1316 2597 1379 2637 am-

276 2667 373 2740 putat.
414 2654 496 2717 Nihil
506 2657 583 2718 euim
597 2659 734 2732 alienam,
750 2659 833 2733 nilsil,
848 2661 930 2740 quod
943 2663 1048 2724 abesse
1062 2666 1134 2726 velis
1147 2667 1178 2727 in
1189 2667 1255 2745 ejus
1268 2672 1378 2730 oratio·

276 2752 362 2812 nibus
377 2749 512 2811 additum
526 2769 679 2830 superesse
694 2753 834 2830 reperias.
878 2754 1021 2816 Ordinem
1034 2755 1066 2816 in
1079 2760 1262 2822 orationibus
1279 2763 1379 2842 sequi-

277 2856 326 2907 tur
339 2862 416 2912 eum,
433 2843 484 2922 qui
499 2851 546 2902 est
558 2845 682 2903 maxime
697 2844 775 2904 utilis
784 2865 897 2906 amosa.
938 2847 974 2906 lo
986 2848 1141 2928 illaigitur
1153 2853 1325 2915 violatarum
1339 2856 1380 2916 le·

275 2956 346 3017 gum
373 2943 479 2996 contra
502 2935 705 3022 Ctesiphontis
732 2939 904 3018 psephisma
930 2941 1067 3002 instituta
1093 2943 1210 3005 actione
1237 2946 1378 3028 deinceps

275 3029 379 3089 ordine
393 3027 526 3106 exponit,
542 3029 613 3104 quid
637 3038 739 3090 contra
753 3031 832 3110 leges
846 3033 1000 3112 scripserit
1013 3036 1188 3116 Ctesiphon.
1228 3043 1308 3120 Ergo
1321 3042 1380 3121 pri·

276 3139 355 3181 mum
379 3117 469 3178 docet
487 3119 715 3180 Demosthenem
736 3123 870 3198 pecuniae
893 3124 1030 3187 theatrali
1051 3139 1081 3188 et
1099 3129 1267 3193 reficiendis
1287 3136 1377 3196 muris

137 3227 146 3234 ’
273 3211 452 3293 prefectum
470 3209 605 3288 adeoque
624 3211 782 3272 reddendis
799 3215 963 3278 rahoaibns
981 3220 1142 3282 obnoxium
1160 3242 1220 3284 non
1239 3225 1378 3291 debuisse

274 3303 380 3365 doum
400 3321 490 3362 aurea
503 3320 621 3362 corona.
663 3303 781 3364 Deinde
795 3325 852 3366 nec
866 3306 994 3388 legitimo
1007 3311 1037 3370 in
1052 3313 1119 3373 loco
1130 3314 1241 3376 iactam
1253 3339 1318 3380 esse
1330 3341 1379 3382 re·

275 3395 509 3457 curculionem.
549 3393 689 3475 Denique
702 3396 886 3459 demonstrat
900 3402 1125 3482 Ctesiphontem
1139 3411 1293 3472 mentitum
1313 3433 1378 3476 esse

277 3491 308 3549 in
321 3487 530 3569 psephismate,
552 3507 648 3567 oeque
668 3489 744 3548 anim
764 3491 995 3554 Demosthenem
1015 3515 1081 3557 esse
1101 3501 1196 3560 virum
1217 3501 1328 3567 bonum
1347 3515 1379 3570 et

276 3581 450 3668 reipublice
465 3579 649 3641 benevolum.
691 3583 760 3641 Duo
773 3581 825 3643 illa
839 3585 937 3662 priora
947 3587 1065 3667 scriptis
1079 3592 1208 3669 publicis
1220 3606 1251 3656 et
1264 3598 1378 3678 legibus

281 3673 446 3733 confirmat.
486 3673 670 3733 Postremum
697 3675 738 3735 ita
761 3675 863 3750 docet,
885 3689 920 3739 ut
944 3686 1090 3743 πολιτείαν
1117 3687 1326 3754 Demosthenis
1346 3694 1380 3756 in

277 3772 410 3844 quatuor
437 3772 571 3843 tempora
595 3765 720 3840 dividat,
748 3787 876 3848 eumque
897 3772 1032 3834 omnibus
1055 3775 1103 3835 bis
1126 3783 1310 3859 temporibus
1331 3785 1380 3847 rel

277 3856 397 3917 noxium
411 3856 456 3916 rel
472 3857 605 3918 inutilem
615 3857 707 3920 fuisse
722 3861 889 3940 reipublice
903 3866 1050 3929 ostendat
1092 3870 1154 3932 Sed
1165 3883 1326 3955 antequam
1338 3879 1379 3940 ad

276 3951 333 4010 has
346 3950 541 4011 accusationis
555 3961 653 4030 partes
667 3954 811 4030 persenit,
828 3957 939 4033 nescio,
953 3979 1007 4020 cur
1019 3970 1087 4041 post
1098 3967 1251 4029 exordium
1267 3972 1379 4033 Demo·

280 4042 412 4104 athenem
426 4047 582 4105 ὒπεύθιινον
595 4043 684 4106 tuisse
706 4044 824 4122 doceat,
838 4048 893 4110 uisi
908 4049 987 4113 forte
1005 4053 1175 4118 auditorum
1196 4061 1380 4127 voluntatem

278 4151 350 4215 erga
363 4135 439 4195 hanc
458 4136 677 4201 accusationem
690 4141 815 4218 experiri
829 4143 932 4204 soluit.
974 4145 1042 4208 Hoc
1056 4158 1138 4211 certe
1152 4153 1308 4217 molestum
1322 4157 1381 4220 lirit

275 4227 399 4307 legenti,
416 4227 498 4307 quod
511 4227 585 4289 dicit
601 4232 639 4306 (r.
650 4229 771 4315 Κτησιφ.
786 4241 812 4310 5.
827 4237 863 4312 i.)
881 4237 925 4297 dn
938 4237 970 4298 δὲ
983 4239 1071 4310 ὅντως
1084 4243 1120 4315 ἦν
1132 4245 1284 4316 ὑπεύθυνος
1297 4252 1313 4309 d
1326 4249 1381 4323 Δη·

280 4317 474 4396 μσσῦἑνης-
486 4323 562 4379 ταῦτ’
584 4320 636 4394 ἤδη
656 4327 825 4406 πειράσομαι
846 4331 922 4409 ὑμᾶς
946 4329 1083 4394 διδάσκειν
1104 4337 1134 4396 ἐκ
1159 4348 1216 4399 τῶν
1240 4341 1381 4422 δημοσίων

281 4412 468 4491 γραμμάτων.
510 4413 588 4474 Nam
608 4419 646 4474 et'
659 4425 746 4478 antea
766 4417 912 4482 docuerat
930 4443 997 4484 eum
1016 4445 1085 4487 vere
1106 4427 1196 4492 inisse
1220 4433 1380 4496 reddendis

174 4535 183 4550 s
278 4503 441 4567 mtiobibus
467 4506 636 4568 obnoxium.
689 4509 724 4569 iu
745 4512 876 4574 oratione
897 4525 1001 4579 contra
1017 4519 1222 4606 'timarchum
1243 4547 1312 4606 que
1333 4539 1380 4590 est
