3125 5134
603 862 886 947 TABULA
953 915 971 962 o

358 1145 544 1206 EORUM
589 1145 706 1216 QUAE
746 1145 1129 1239 communion

724 1384 762 1433 lN

490 1599 689 1688 ‚aomo
722 1598 952 1664 ocaavo.

611 1827 860 1849 -—--·-—-·-r

197 1999 323 2066 Reiskii
340 2001 492 2066 Praefatio
509 2002 551 2066 ad
567 2000 759 2068 AEschinem
784 2047 1181 2066 .....
1276 1997 1284 2008 ’

195 2113 234 2178 C.
251 2112 287 2177 F.
304 2113 456 2179 Matthaei
474 2112 618 2176 Libellus
634 2112 675 2176 de
691 2111 881 2177 AEschine.
971 2159 979 2174 .
1069 2155 1077 2172 .
1166 2150 1175 2168 .

188 2213 374 2328 Ἱερωνύμου
391 2211 534 2310 Βολφίου
554 2213 726 2328 Προοίμιον
772 2274 781 2293 .
871 2273 880 2292 .
969 2270 981 2292 .
1069 2268 1079 2288 .
1113 2268 1117 2290 .
1168 2266 1178 2286 .

190 2335 358 2440 Αἶσχίνου
374 2336 449 2428 Βίος
467 2336 565 2416 κοντοὶ
584 2335 808 2450 Πλούταρχον
866 2393 876 2413 .

192 2457 358 2562 Αἰσχίνου
375 2458 450 2550 Βίος

189 2581 418 2664 Ἀπολλωνίου
436 2578 618 2684 Ἐξῆγησις
635 2578 680 2670 εἷς
699 2577 864 2682 Αἰσχίνην
969 2642 979 2661 .
1066 2639 1076 2658 .
1165 2636 1174 2655 .
1254 2597 1261 2610 ’

193 2807 303 2884 Kar&
322 2800 510 2917 Τιμάρχου
666 2825 953 2913 (TextusTaylori
973 2821 1042 2908 est)
1068 2860 1077 2877 ·
1167 2855 1177 2875 ·

192 2923 271 3040 Περὶ
292 2927 352 3020 τῆς
367 2925 659 3041 Παραπρεσβείας
678 2969 1027 3014 -----,--,
1065 2980 1075 2998 .
1164 2978 1172 2997 .

26 3065 29 3092 '
102 3055 121 3127 'a
193 3048 305 3129 Karai
324 3047 562 3146 Κτησιφῶντος
659 3069 797 3153 (Textus
813 3068 957 3134 Bekkeri
973 3070 1039 3146 est)
1164 3107 1174 3126 ·

26 3171 27 3200 ¹
187 3169 406 3252 Ἐπιστολαὶ
667 3193 805 3282 (Textus
819 3190 955 3279 Taylori
969 3195 1034 3271 eat)
1066 3227 1074 3246 ·
1164 3227 1173 3244 ·
1218 3190 1283 3255 297

191 3319 319 3384 Reiskii
334 3318 575 3383 annotationes
589 3317 626 3382 in
636 3315 830 3382 AEschinem
875 3363 883 3379 .
972 3363 980 3380 .
1070 3363 1078 3377 .
1167 3362 1175 3379 .
1219 3313 1284 3378 325

190 3437 319 3518 Rpiskii
335 3437 489 3504 Praefatio
504 3437 546 3503 ad
563 3437 696 3518 Scholia
708 3438 741 3502 in
758 3436 981 3502 AEsahinem.
1072 3484 1080 3501 .
1167 3481 1176 3498 .
1219 3437 1282 3500 371

191 3559 327 3640 Scholia
341 3559 383 3623 ad
399 3558 591 3625 Orationem
606 3561 640 3624 in
655 3558 863 3624 Timarchum
971 3606 979 3622 .
1070 3607 1078 3624 .
1167 3604 1176 3622 .
1219 3557 1284 3622 375

190 3680 941 3768 ——ffldefalsaaegatione
975 3728 983 3745 .
1072 3730 1080 3747 .
1167 3729 1177 3745 .
1219 3681 1284 3745 385

353 3865 357 3874 .
611 3807 646 3870 in
661 3805 911 3892 Ctesiphontem
972 3851 981 3869 .
1069 3851 1111 3868 .,
1165 3851 1175 3869 .
1218 3806 1281 3870 391

188 3927 318 3994 Reiskii
333 3895 488 3994 Prmfatio
502 3929 544 3994 ad
555 3927 728 3993 Variantes
745 3926 917 3992 Lectiones
927 3923 1121 3991 AEsohineas
1167 3975 1175 3992 .
1218 3928 1281 3994 401

188 4049 362 4116 variantes
378 4049 549 4116 Lectiones
562 4051 602 4116 ad
619 4048 811 4117 Orationem
824 4047 858 4113 in
872 4046 1078 4114 Timarchum
1166 4100 1174 4117 .
1218 4052 1283 4116 407

603 4146 606 4152 ¹
789 4169 864 4236 -de
878 4169 964 4236 falsa
975 4171 1153 4258 Legatione
1217 4176 1282 4239 418
1362 4190 1366 4200 ·

184 4326 812 4344 —--————--—----—
820 4292 854 4356 in
866 4291 1117 4380 Ctesiphontem
1165 4341 1174 4358 .
1218 4296 1281 4362 427

565 4418 607 4484 ad
622 4416 793 4505 Epistoiaa
870 4461 878 4478 .
968 4463 978 4479 .
1067 4462 1075 4478 .
1163 4418 1281 4484 .444
1414 4475 1416 4479 .

186 4539 321 4606 indicas
336 4541 371 4607 in
384 4541 584 4608 AEaahinem.
