3125 5134
475 695 790 776 cunisnis'ur
828 677 963 776 snio.
999 703 1262 779 urrunnu,

827 889 862 930 A.
877 888 913 927 M.

623 1023 817 1082 LIBELLUS
842 1019 1114 1081 ACADEMICUS

386 1258 1352 1410 AESCHINE⁵0RATORE

588 1515 686 1556 sirus
698 1515 726 1554 n.
739 1484 933 1553 xvnjursrn
948 1511 975 1550 s.
989 1509 1142 1550 uocem.

519 1639 573 1694 sn
613 1635 925 1693 niscarrsunuu
966 1606 1214 1690 raorosirus

697 1791 699 1796 Ι
801 1807 931 1835 π

770 1951 904 2017 ’8ΕΟΤ.
927 1952 957 2017 1.

319 2099 371 2154 An
394 2093 471 2152 hano
493 2090 531 2151 de
555 2087 692 2148 AEscbine
710 2086 1079 2168 oratoreldisputationenr
1100 2089 1139 2148 sb
1161 2089 1413 2150 Halicsrnsssensi

319 2185 464 2263 Dionysio
477 2183 559 2250 ducti
573 2180 766 2260 pervenimus.
796 2179 872 2239 Cum
885 2180 962 2240 eninr
973 2180 1243 2253 constituissemus,
1258 2171 1427 2243 humanioss

317 2297 383 2339 rum
397 2279 556 2338 litterarum
570 2283 684 2352 partem
698 2275 827 2355 aliquam
842 2285 979 2348 tractare,
993 2285 1024 2335 et
1036 2274 1074 2332 de
1088 2282 1261 2350 argumento
1279 2273 1413 2352 disputa·

317 2358 391 2430 linui
409 2370 516 2429 idoneo
529 2367 767 2439 deliberaremus,
780 2389 817 2428 eo
838 2367 962 2429 consilio
983 2365 1157 2443 Dionysium
1178 2365 1368 2436 accessimus,
1390 2363 1414 2423 si

316 2478 468 2539 possemus
482 2459 608 2535 reperire
621 2457 729 2530 locum,
745 2459 775 2517 in
789 2478 850 2536 qno
864 2460 1006 2538 cogitatio
1020 2466 1051 2516 et
1064 2456 1193 2516 studium
1206 2466 1338 2517 nostrum
1353 2475 1413 2514 non

318 2553 438 2616 omnino
459 2551 599 2610 inutiliter
620 2561 826 2629 occuparetur.
867 2553 938 2610 Non
957 2549 1064 2611 fefellit
1076 2548 1256 2625 opinionem,
1272 2567 1359 2624 quam
1374 2549 1414 2607 de

318 2663 355 2703 eo
382 2661 621 2722 conceperamus,
647 2643 698 2702 sed
727 2641 846 2702 dicendi
875 2637 1021 2703 urberem'
1035 2640 1185 2701 materians
1212 2638 1414 2716 suppeditavit

318 2735 468 2815 scriptoris
503 2735 708 2812 elegantissimi
739 2735 819 2795 varis
846 2746 877 2796 ct
903 2737 1024 2816 copiosa
1052 2731 1196 2793 doctrina.
1247 2730 1412 2810 selegimus

317 2829 485 2888 AEsclriuem
500 2837 654 2898 oratorem,
675 2828 724 2886 cui
745 2845 812 2887 cum
832 2828 1033 2889 Demosthene
1045 2835 1077 2885 et
1093 2823 1246 2903 Hyperide
1263 2824 1413 2902 principa·

316 2931 378 2980 tum
396 2919 572 2997 eloquentie
591 2919 706 2991 detulit,
730 2929 761 2978 et
782 2919 891 2996 quibus
913 2917 1092 2996 argumentis
1116 2915 1264 2983 adductus
1286 2915 1414 2992 hancei

241 3033 247 3044 ·
316 3009 434 3070 laudem
460 3009 605 3080 tribuerit,
628 3009 658 3066 in
682 3009 809 3068 animum
834 3010 1000 3070 induximus
1022 3009 1206 3084 investigere.
1246 3009 1323 3079 lam,
1342 3027 1412 3068 cum

316 3101 440 3160 oratoris
460 3099 586 3160 facultas
599 3100 629 3157 in
643 3099 760 3158 duobus
773 3108 914 3170 versetur,
929 3102 1026 3161 verbi's
1040 3109 1071 3160 et
1087 3099 1186 3168 rebus,
1200 3118 1314 3158 omnem
1334 3101 1412 3160 banc

316 3195 355 3255 de
370 3193 506 3254 lFuchine
525 3192 754 3271 disputationem
776 3192 807 3250 in
826 3193 900 3252 duas
914 3192 1117 3252 distribuimus
1137 3199 1247 3268 partes,
1268 3201 1300 3250 et
1317 3193 1412 3269 primo

316 3287 383 3346 loco
397 3285 584 3365 exposuimus
603 3283 641 3344 de
660 3284 837 3354 elocutione,
857 3284 990 3344 secundo
1009 3284 1040 3342 τὸ
1053 3282 1251 3362 πραγματικὸν
1262 3282 1412 3345 examma-

317 3399 417 3438 vimus.

758 3496 889 3576 SECT.
919 3496 968 3560 Il.

615 3641 666 3700 De
682 3643 898 3722 perspicuitate
909 3650 939 3703 et
954 3643 1109 3706 evidentia.

354 3769 425 3830 Non
446 3770 557 3848 patitur
577 3790 623 3830 res
643 3770 777 3849 exempla
797 3773 1018 3850 perspicuitatis
1039 3793 1213 3845 recensere;
1243 3774 1297 3833 sed
1316 3774 1410 3834 susim
1447 3827 1449 3831 .

314 3874 411 3922 tamen
425 3881 599 3933 asseverare,
611 3882 688 3937 eum,
703 3863 754 3941 qui
769 3863 970 3936 Demostheni,
981 3867 1091 3929 oratori
1105 3867 1277 3937 clarissimo,
1288 3867 1318 3924 in
1332 3887 1368 3926 ea
1377 3887 1410 3926 re

313 3955 526 4032 adversaretur,
546 3955 790 4016 studiosissimum
802 3977 878 4016 esse
899 3957 1036 4018 debuisse
1057 3960 1154 4019 omnis
1175 3959 1409 4037 perspicuitatis,

314 4065 381 4126 quae
395 4057 412 4106 a
427 4047 514 4106 rebus
528 4048 638 4124 argutis
652 4049 790 4119 abstinet,
802 4049 900 4108 verbis
914 4051 1006 4110 utitur
1018 4053 1105 4122 notis,
1118 4060 1148 4110 et
1158 4051 1351 4110 collocatione
1364 4069 1410 4122 es,

264 4149 266 4152 ’
313 4163 380 4221 qum
395 4141 492 4201 ordini
505 4151 535 4200 et
549 4153 661 4200 naturoe
674 4152 719 4201 est
732 4144 919 4204 conveniens.
959 4146 1060 4223 Atque
1074 4144 1138 4203 lisso
1152 4143 1294 4203 orationis
1302 4144 1409 4214 virtus,

313 4231 486 4312 quamvis‘ei
499 4251 619 4311 operam
640 4233 710 4292 dare
731 4233 839 4293 debeat
861 4246 971 4304 orator,
992 4243 1080 4294 tenue
1100 4243 1199 4294 tamen
1220 4244 1252 4292 et
1271 4233 1409 4312 exiguum

278 4341 282 4346 ’
312 4327 466 4406 premium
481 4325 657 4402 laudemque
676 4325 775 4402 babet,
817 4327 915 4403 Magis
936 4327 1016 4386 enim
1039 4326 1074 4398 is,
1096 4327 1149 4404 qni
1173 4347 1233 4386 rem
1250 4325 1409 4406 perspicue

311 4419 412 4488 tradit,
428 4417 500 4480 vitio
513 4416 701 4477 obscuritatis
715 4416 832 4476 videtur
844 4437 954 4488 carere,
975 4438 1065 4496 quam
1079 4418 1187 4478 virtute
1200 4418 1301 4496 aliqua
1313 4417 1410 4478 excel-

310 4511 382 4582 lere,
392 4533 428 4571 es
439 4531 499 4592 qua
511 4509 678 4572 auditorum
693 4510 848 4571 admiratio
862 4520 893 4570 et
907 4513 1035 4572 studium
1050 4513 1171 4581 oriatur,
1187 4526 1219 4571 ur
1234 4523 1346 4582 contra,
1358 4511 1410 4587 qui
