3125 5134
296 425 362 470 xxx
675 405 714 471 Ο.
738 401 775 472 F.
798 405 1020 474 MATPHAEI

292 561 332 623 tis
346 563 452 624 multos
464 561 603 637 adtoisse,
618 563 671 643 qni
683 565 862 644 probarent3
883 539 964 627 addo
974 549 1074 636 etiam,
1089 565 1115 624 si
1127 565 1236 643 piacet,
1251 567 1391 628 stennis

294 655 458 716 nonnullos.
500 654 560 715 Sed
573 655 686 716 alienus
701 665 747 718 est
763 658 839 718 risus
851 657 891 717 sb
910 658 969 717 hoo
988 659 1056 716 loco
1069 663 1100 716 et
1114 656 1272 733 apriorum
1284 659 1391 718 verbu·

293 767 358 808 rum
371 748 524 826 gravitate.
564 747 676 809 Eodem
698 749 788 810 modo
805 749 943 829 peccavit
961 750 991 807 in
1007 749 1052 808 iris
1070 753 1112 825 (κ.
1129 748 1254 828 Τιμάρχ.
1274 757 1299 824 ς.
1318 749 1392 827 λβ.)

158 865 164 872 ·
294 840 399 906 πάντες
413 843 468 920 γάρ
482 843 519 900 ἃν
533 839 610 900 τοῦθ’
623 843 855 921 ὁμολογήσαιμεν
867 850 926 902 ete.
967 841 1083 902 Etenim
1097 848 1128 900 et
1141 841 1199 902 hoe
1212 841 1281 902 ioco
1293 842 1390 922 impu·

158 927 161 935 '
242 951 245 958 ’
293 931 422 991 dentiam
436 941 465 991 et
479 930 589 1009 flagitia
602 929 832 992 adversariorum
845 932 885 992 sd
898 933 989 992 risum
1003 933 1102 992 traxit.
1143 931 1203 992 Sed
1217 933 1289 1011 talia
1307 953 1390 994 seve-

292 1023 421 1096 ritatem,
435 1025 506 1082 iram
526 1031 558 1082 et
577 1023 678 1088 odium
696 1022 840 1102 flagitant.
882 1022 1011 1101 Lepidus
1029 1023 1079 1084 iiie
1101 1023 1224 1107 quidem
1241 1025 1336 1094 locus,
1357 1033 1391 1084 et

293 1115 441 1176 tractandi
467 1115 616 1188 sedulitas,
644 1117 845 1194 repetitiones,
872 1115 1089 1194 verborumque
1116 1117 1226 1177 nhusus
1252 1135 1388 1195 magnam

293 1205 465 1268 suavitatem
479 1207 615 1281 afferunt,
636 1207 689 1267 sed
702 1206 852 1266 honestati
865 1215 896 1266 et
908 1206 1020 1267 denoto
1030 1207 1238 1286 posthabenda
1246 1209 1390 1286 jucundi·

201 1311 206 1318 “
293 1309 349 1362 tas.
389 1302 459 1379 Ipse
472 1301 560 1360 etiam
575 1299 693 1360 videtur
705 1299 945 1359 animadvertisse
964 1299 1174 1378 turpitudinem
1186 1301 1238 1372 rei,
1252 1319 1341 1378 qnam
1356 1310 1391 1362 ut

293 1401 456 1465 excusaret,
475 1391 602 1467 addidit,
620 1393 715 1453 ἔπειτα
729 1395 774 1450 καί
789 1397 841 1461 σὴν
854 1389 986 1460 ἀήθειαν
999 1399 1047 1451 τοῦ
1067 1394 1157 1466 λόγου
1177 1391 1278 1453 νούσου
1295 1393 1392 1470 ῥᾴδιόν

292 1483 371 1544 ἐστιν
384 1485 521 1558 ἐξετάσαι,
534 1492 566 1545 et
578 1485 668 1564 paulo
681 1492 760 1561 post,
773 1487 813 1563 με)
827 1488 886 1562 γάρ
898 1485 944 1543 tr·
956 1485 1024 1563 ipati
1036 1486 1204 1562 λεγόμενον,
1218 1488 1297 1544 ἀλλὰ
1310 1489 1389 1561 γινό·

292 1599 379 1654 μενον
402 1577 434 1637 τὸ
452 1583 573 1656 πρᾶγμα
597 1577 727 1656 supteno
743 1577 824 1656 ὁρᾷν.
866 1573 923 1636 His
943 1574 1024 1636 addo
1045 1576 1102 1635 alia
1115 1576 1254 1652 quoedam
1276 1577 1390 1638 minors

292 1667 363 1728 vitia
379 1666 535 1729 verborum
550 1669 738 1748 singulorum.
780 1669 858 1727 Cum
879 1667 959 1728 enim
982 1668 1020 1728 de
1042 1667 1199 1728 Timarcho
1217 1667 1301 1742 dicit,
1322 1689 1388 1730 enm

291 1759 379 1840 (ibid.
394 1775 419 1842 ς.
432 1763 477 1837 ζ’.)
490 1763 709 1838 καταγελάστως
721 1765 874 1842 κεχρῆσθαι
887 1765 925 1841 τᾷ
936 1765 1053 1842 stipare,
1065 1781 1125 1822 non
1135 1761 1253 1822 videtur
1263 1763 1392 1841 indigni·

291 1862 383 1914 tatem
396 1855 438 1912 rei
452 1855 521 1914 satis
530 1853 638 1915 idoneo
649 1854 739 1914 verbo
751 1853 929 1913 declarasse.
969 1855 1078 1915 Melius
1091 1855 1215 1916 sortasse
1228 1862 1261 1914 et
1273 1857 1389 1934 gravius

293 1944 424 2016 dixisset,
439 1947 650 2026 ἀναισχύντως,
664 1944 844 2027 ὑβριστικῶς,
857 1954 911 2004 aut
928 1945 988 2004 alio
1008 1945 1107 2006 modo.
1150 1948 1263 2008 Rursus
1276 1948 1391 2009 comtes

292 2039 429 2116 quaedam
439 2041 529 2100 verba
539 2039 708 2111 admiscuit,
722 2039 812 2100 vetuti
824 2042 865 2116 (κ.
879 2044 1001 2118 Κυησιφ.
1015 2047 1040 2116 ς.
1054 2040 1099 2098 οιί.
1112 2039 1189 2116 init)
1201 2037 1389 2114 βαλανεοσό·

291 2155 364 2211 μοις,
378 2131 463 2208 (ibid.
477 2139 501 2206 t.
515 2132 577 2208 try'.
592 2130 656 2208 fin.)
670 2130 822 2210 ἄνθρωπος
840 2131 1028 2212 ἐξόνομάσυν
1042 2138 1237 2211 συγκείμενος.
1279 2131 1391 2192 Similis

292 2231 368 2295 sunt,
382 2221 467 2299 (ibid.
481 2231 505 2298 ς.
518 2226 572 2300 ti.)
585 2225 691 2303 ῥήμασι
703 2228 753 2294 σὴν
763 2229 910 2283 πολιτείαν
922 2222 1005 2303 [roric
1019 2221 1135 2302 νόμους]
1153 2224 1290 2302 ἀναιρεῖν.
1332 2225 1390 2285 Ar·

291 2323 363 2394 gnta
376 2315 461 2375 nimis
475 2315 561 2374 haec:
582 2314 723 2396 ίφθόνησί
740 2339 796 2395 μου
810 2321 874 2382 ταῖς
890 2311 1052 2387 διαβολαῖς.
1092 2313 1217 2374 Temere
1229 2315 1347 2376 duohns
1358 2316 1390 2376 in
1437 2355 1442 2362 -

290 2406 364 2466 locis
383 2406 561 2466 inculcatum
584 2408 600 2464 d
622 2411 674 2477 τὴν
687 2409 823 2486 ἀνόμοιον
844 2407 921 2485 ἔχων
939 2407 1112 2485 ἐπωνυμίαν.
1154 2405 1288 2466 Audacia
1306 2407 1391 2467 nimis

237 2509 243 2522 ’
290 2497 374 2558 haro:
395 2501 439 2572 (π.
450 2496 641 2576 Παραπρεσβ.
657 2505 681 2573 ς.
696 2500 742 2573 si.)
754 2495 910 2578 φθέγγεται
924 2495 957 2555 τὸ
966 2499 1063 2576 θηρίον
1076 2503 1157 2556 τοῦτο
1169 2503 1314 2576 προοίμιον
1326 2521 1390 2560 σκο·
1474 2515 1484 2530 ’

287 2592 379 2652 retudit
392 2613 422 2650 rt
435 2595 480 2650 καί
489 2589 623 2663 τεθνηκὸς
634 2589 733 2666 δειλίᾳ.
774 2589 806 2650 Si
819 2588 898 2647 enim
907 2588 939 2648 τὸ
947 2589 1076 2659 τεθνηκὸς
1089 2587 1233 2648 retentus
1242 2586 1281 2646 ad
1294 2595 1390 2668 προαί-

288 2706 365 2762 μιον,
379 2682 577 2744 utverborum
589 2689 741 2748 structura
758 2681 856 2760 jubat,
866 2680 990 2742 modum
1003 2699 1063 2739 non
1078 2680 1173 2739 tenuit
1182 2701 1192 2750 ς
1214 2679 1258 2738 sin
1277 2679 1316 2739 ad
1335 2679 1390 2754 θη·

288 2777 361 2854 ρίου,
376 2775 461 2836 nimis
476 2785 522 2835 est
535 2773 692 2834 diuulsum.
734 2773 853 2852 Frigide
865 2771 999 2833 additum
1013 2771 1192 2832 vocabulum
1205 2781 1261 2833 τῶν
1280 2775 1389 2851 timpt-

289 2891 353 2928 νων.
368 2870 405 2944 (κ.
416 2867 538 2947 Κτησιφ.
552 2865 578 2937 S.
593 2867 667 2942 η’.)
707 2865 740 2924 Si
761 2865 840 2924 enim
857 2873 914 2924 νῦν
932 2863 1070 2942 Σειρήνων
1084 2863 1257 2940 repetiiuet,
1270 2860 1388 2940 elegan-

289 2960 347 3019 tius
362 2959 440 3019 haud
453 2959 544 3020 dubie
557 2957 672 3018 fuisset.
714 2957 829 3017 Placuit
840 2956 920 3015 huno
933 2955 1032 3014 iocum
1045 2955 1222 3025 adsorihm,
1234 2962 1308 3027 tum,
1318 2954 1389 3032 quia

289 3051 405 3111 brevior
418 3059 473 3122 est,
488 3059 560 3120 turn,
573 3051 644 3125 quia
655 3048 698 3107 sio
708 3047 747 3106 de
762 3067 800 3106 eo
814 3047 930 3106 facilius
943 3046 1040 3106 lector
1049 3045 1188 3124 judicare
1201 3055 1311 3125 potest.
1339 3041 1396 3106 De¹

290 3141 492 3201 Demosthene
510 3139 599 3218 igitur
613 3138 705 3199 dicit:
717 3141 859 3218 ,ἀφομοιοῖ
872 3140 931 3222 γάρ
942 3163 997 3216 μου
1009 3143 1062 3209 τὴν
1074 3145 1159 3218 φύσιν
1173 3147 1238 3206 ταῖς
1249 3140 1389 3219 Σειρῆσιν,

289 3239 328 3302 ὥς
338 3233 418 3294 ἔοικε.
432 3237 478 3292 καί
492 3236 551 3310 γὰρ
563 3233 608 3290 inr'
622 3231 734 3291 ἐκείνων
748 3233 781 3288 oh
796 3233 942 3301 κηλεῖσθαί
952 3242 1020 3309 φησι
1029 3232 1096 3296 τοὺς
1108 3232 1311 3310 ἀκροωμένους,
1322 3236 1390 3291 ἀλλ’

287 3325 483 3396 ἀπόλλυσθαι,
505 3324 598 3404 διόπερ
616 3327 665 3382 nir
686 3321 837 3402 εὐδοκιμεῖν
850 3326 901 3392 niu
912 3331 970 3380 τῶν
983 3326 1136 3399 εἰρημένων
1148 3325 1293 3400 μουσικὴν.
1334 3324 1388 3384 At-

290 3439 350 3497 qne
364 3411 429 3478 uste
443 3418 473 3477 in
488 3415 631 3476 AEsohine
644 3433 681 3474 eo
693 3413 785 3493 magis
796 3413 868 3474 mira
879 3412 971 3478 videri
985 3412 1105 3484 debent,
1114 3411 1185 3491 quia
1195 3411 1389 3474 Demostheni

289 3512 446 3571 verborum
460 3514 572 3588 πικρίαν
583 3517 613 3568 et
622 3511 786 3586 σεριιργίαν
799 3503 922 3583 ohjeeit,
936 3513 968 3564 et
980 3503 1010 3562 in
1021 3503 1177 3564 vanorum
1190 3503 1310 3565 detentu
1322 3505 1387 3566 aliis

289 3602 320 3662 in
333 3603 407 3663 loeis
421 3601 607 3660 vehementes
616 3597 745 3660 exoeiiit.
788 3595 845 3656 His
857 3593 970 3656 addere
982 3595 1070 3655 liceat
1083 3595 1201 3655 brevem
1214 3595 1388 3666 admonitio-

289 3713 355 3756 nem
364 3694 401 3756 de
410 3693 647 3773 repetitionibus,
658 3711 726 3770 quse
736 3691 849 3752 crebra
860 3699 930 3753 sunt
942 3689 1062 3766 quidem
1073 3689 1152 3768 apud
1164 3709 1241 3764 eum,
1252 3693 1386 3754 excusari

289 3796 387 3848 tamen
400 3787 490 3847 taeile
507 3796 641 3865 possunt.
681 3786 759 3845 Nam
773 3784 804 3842 in
818 3781 1011 3860 orationihus,
1030 3799 1098 3859 quse
1113 3790 1225 3844 tantum
1239 3785 1385 3862 leguntur,

289 3879 409 3940 tedium
432 3877 568 3940 afferunt.
609 3879 758 3937 Attentior
781 3875 860 3936 enim
882 3875 976 3934 tentor
997 3873 1166 3952 indignatur
1185 3875 1241 3934 sihi
1261 3876 1385 3936 εοοάεαι

289 3990 351 4031 rens
366 3969 473 4048 saepius
487 3968 557 4029 dini.
598 3971 641 4028 At
654 3968 684 4027 in
697 3965 883 4028 orationibus
894 3965 1091 4043 judicialibus
1106 3974 1138 4025 et
1150 3959 1270 4026 omnino
1287 3968 1318 4028 in
1338 3970 1384 4042 iis,

289 4083 358 4144 qnae
367 4063 526 4134 habentur,
540 4079 673 4139 magnam
687 4060 799 4119 hahent
812 4058 976 4130 utilitatem,
986 4068 1018 4117 et
1027 4056 1155 4130 auditor,
1167 4058 1221 4135 qui
1229 4067 1276 4120 est
1288 4046 1385 4137 legen·

287 4157 366 4218 tihus
385 4152 590 4234 negligentior,
612 4151 724 4212 essert
741 4150 868 4211 facilius.
911 4150 1083 4220 Memoriana
1100 4149 1178 4210 enim
1196 4151 1337 4227 adjurent
1352 4160 1384 4214 et

283 4247 453 4326 judicesad
468 4243 703 4324 cognoscendam
719 4261 835 4306 oaumns
850 4241 979 4304 reddunt
993 4241 1127 4303 idoneos.
