3125 5134
286 416 385 482 xxxvi
659 414 698 481 C.
721 413 757 482 F.
780 371 1002 479 Mnt'fflffli

284 573 456 634 narrationis
470 580 515 633 ert
528 573 717 652 reprehensio
731 573 940 635 Demosthenis
952 581 985 632 et
1004 567 1136 651 delendo
1149 565 1306 639 AEsehinis,
1327 567 1381 645 qui

284 666 361 728 inter
374 667 487 747 legatos
501 663 566 726 illos
580 666 703 728 lucrant.
745 665 824 734 Quia
837 665 926 742 hujus
939 661 1112 727 narrationis
1126 659 1379 740 suprajamnten·

285 759 393 824 tinnem
404 756 472 829 leci,
493 757 617 819 duarum
627 760 748 820 aliarum
762 757 962 819 narrationum
975 755 1108 833 exempla
1116 771 1235 834 ponam
1256 761 1288 812 et
1307 751 1381 830 quid

243 913 246 918 ,
286 850 316 906 in
327 847 361 906 iis
374 849 411 908 sit
421 848 607 927 probandum
618 851 783 929 explicabo.
819 848 991 911 Timarchus
1005 856 1068 907 erat
1081 845 1310 924 quidam,horno
1320 862 1381 904 non

218 1001 221 1008 ,
286 939 431 1018 ignobilis,
443 951 543 1002 orator
556 942 691 1004 civitatis.
725 943 757 1001 le
771 960 839 1002 cum
854 940 1052 1000 Demosthene
1066 937 1380 1019 AEsohinisnomenoh

286 1030 461 1110 legationem
484 1034 572 1096 modo
592 1035 703 1096 dictam
723 1033 878 1095 detulerat.
918 1033 960 1091 Ut
979 1050 1051 1110 ergo
1070 1029 1276 1101 ademrinm,
1290 1028 1383 1098 honri·

280 1141 352 1184 nem
366 1125 533 1203 improbum
546 1135 576 1188 et
590 1127 788 1198 libidinosum,
802 1127 882 1204 prius
895 1123 1050 1185 lacessitus
1063 1124 1253 1184 ulcisceretur
1267 1120 1382 1182 AEschi-

287 1235 349 1288 nes,
363 1219 476 1296 exlege
496 1219 612 1280 Solonis
630 1218 668 1279 de
689 1229 839 1282 oratorum
851 1216 1008 1295 discipline
1019 1215 1185 1292 δοκιμασίαν
1197 1214 1226 1272 ei
1240 1212 1382 1276 denunci-

287 1321 397 1370 averat.
439 1311 518 1372 Hinc
532 1314 656 1376 maxima
669 1332 737 1392 pars
757 1309 953 1371 accusationis
968 1308 1000 1368 in
1013 1307 1182 1368 enarrandis
1194 1305 1311 1384 flagitiis
1331 1305 1383 1363 Ti·

288 1403 398 1462 marchi
412 1413 554 1466 versatur.
585 1406 657 1466 Post
670 1403 889 1466 excasationem
902 1411 932 1462 et
945 1400 1190 1479 praeparationem
1202 1397 1381 1470 auditorum,

288 1513 324 1553 ne
339 1497 460 1556 moleste
477 1496 582 1570 lerant,
596 1498 620 1557 si
634 1498 672 1558 de
682 1495 835 1558 Timarcbi
848 1495 907 1554 rita
926 1493 1071 1564 dicturus,
1089 1501 1216 1570 cogetur
1235 1489 1382 1550 interdum

286 1605 383 1648 rerum
398 1590 493 1650 minus
508 1590 697 1652 honestarum
709 1589 887 1650 mentionem
901 1586 1008 1658 iacere,
1023 1585 1176 1646 AEwhines
1191 1584 1257 1644 hoec
1269 1590 1396 1644 narrate

286 1681 322 1758 (r.
336 1678 464 1765 Τιμάρχ.
478 1689 502 1757 i.
513 1683 546 1760 l.)
566 1685 723 1760 Μισγόλας
735 1685 799 1744 ἐστί
811 1707 854 1749 rec
869 1679 1059 1760 Ναυκράτους,
1074 1675 1209 1755 ὖᾶνδρῑι
1220 1675 1382 1750 Ἀθηνάων

286 1771 455 1845 Κολυττεὺς,
470 1807 509 1819 -
523 1776 672 1856 ἀκολᾶσιφ
684 1778 747 1853 περὶ
759 1781 857 1846 enirn,
876 1775 982 1851 o‘pcioe
1000 1773 1051 1832 sir.
1093 1771 1192 1849 Hujus
1212 1767 1383 1835 hamtonia

287 1881 429 1924 summum
455 1862 611 1925 artificium
639 1865 718 1926 haud
739 1865 799 1924 alia
821 1863 935 1923 ratione
954 1864 1045 1939 magis
1069 1861 1233 1940 apparebit,
1248 1879 1336 1940 quarn
1357 1859 1384 1920 si

289 1954 405 2026 brevem
437 1974 577 2016 summam
606 1976 702 2017 rerum
731 1952 960 2015 necessariarum
993 1953 1158 2024 fecerimus,
1185 1962 1217 2012 et
1242 1953 1316 2032 quid
1329 1953 1383 2014 ,ab

287 2047 411 2106 oratoris
436 2047 554 2126 ingenio
580 2048 744 2126 proiectum
771 2049 820 2120 ait,
847 2044 1138 2106 consideraverimus.
1188 2045 1310 2106 Bresius
1336 2046 1383 2106 di·

288 2159 355 2200 cere
367 2140 465 2218 poluit
479 2141 539 2202 sic:
560 2141 717 2217 Μισγόλας
730 2143 906 2220 ἐμιαθῦσιιτο
917 2137 1070 2219 Τίμαρχον
1088 2141 1134 2197 eol
1149 2137 1218 2218 ἔσχε
1236 2141 1301 2218 srop’
1318 2139 1386 2222 lou·

284 2235 334 2310 αφ’,
357 2237 424 2292 νέον
450 2234 520 2293 ὄντα
534 2237 590 2302 ,καὶ
613 2237 734 2310 α’σελγῆ,
754 2233 840 2300 obrde
858 2233 1018 2298 ἀκόλαστος
1037 2231 1087 2290 o'r'r.
1126 2231 1184 2290 Sed
1208 2251 1262 2291 cur
1284 2240 1386 2292 unior

288 2321 339 2383 illo
360 2323 448 2384 modo
471 2325 570 2404 potius
590 2326 737 2388 narravit?
757 2325 885 2386 Primum
912 2331 947 2384 nt
969 2323 1100 2384 namatio
1121 2333 1201 2384 esset
1226 2324 1385 2403 perspicua

285 2423 319 2473 ‚et
342 2417 473 2496 ἐναργής.
516 2417 582 2478 Hoc
604 2417 705 2478 effecit
724 2427 838 2478 serrato
866 2435 964 2476 rernm
989 2415 1094 2476 ordine
1120 2424 1152 2477 et
1175 2418 1385 2477 consecutione

289 2508 486 2586 notandisque
507 2511 696 2588 repertricem.
736 2507 885 2579 Secundo,
901 2517 936 2568 ut
948 2519 1027 2568 esset
1039 2507 1199 2586 probabilis
1211 2517 1242 2568 et
1261 2517 1385 2570 morata.

289 2599 358 2658 lloc
379 2609 426 2659 est
445 2610 630 2675 consecutus,
656 2601 793 2662 notandis
805 2601 937 2661 moribus
951 2599 1098 2678 Misgolae‚
1111 2599 1262 2660 Timarchi
1273 2609 1307 2660 et
1316 2621 1385 2662 suo.

286 2711 353 2754 rum
369 2693 469 2772 ipsius.
503 2693 619 2767 Tertio,
634 2705 667 2756 ut
681 2693 798 2774 gneius
807 2691 1035 2773 reprehenderet
1048 2692 1244 2765 Timarchum,
1259 2695 1312 2772 qni
1324 2714 1384 2755 noa

287 2795 410 2846 coactus
423 2785 533 2865 inopia,
553 2787 606 2850 sed
627 2787 768 2848 suadente
789 2785 912 2846 libidine
931 2794 963 2845 et
983 2785 1096 2845 lnxuna
1114 2793 1228 2846 tantum
1241 2786 1384 2868 flagitium

288 2887 495 2957 perpetrasset.
537 2880 662 2952 Quarto,
677 2899 713 2940 ne
733 2888 813 2952 esset
830 2876 951 2937 inficeto
970 2886 1003 2937 et
1026 2879 1157 2938 honestis
1179 2879 1300 2939 annbrrs
1321 2900 1384 2939 mo·

290 2971 372 3042 lesta,
386 2973 599 3050 turpitudinem
613 2972 684 3032 iacti
697 2972 794 3033 verbis
809 2969 1029 3030 honestioribus
1043 2979 1125 3030 caste
1137 2971 1221 3031 texit.
1262 2972 1385 3046 Quinto,

290 3071 324 3124 ut
337 3072 415 3122 esset
425 3064 530 3136 brevis,
545 3063 656 3123 nullum
671 3063 794 3122 verbum
804 3070 914 3120 temere
927 3060 1053 3141 addidit.
1094 3062 1306 3142 Relegentibus
1318 3081 1385 3125 nar·
1443 3097 1450 3109 ι

292 3153 433 3214 rationem
445 3155 538 3232 ipsam
549 3153 657 3225 omnia,
667 3171 735 3232 qnae
750 3152 822 3223 dixi,
835 3161 920 3212 erunt
933 3154 1102 3232 perspicua,
1116 3165 1149 3214 et
1159 3174 1260 3216 omnes
1269 3157 1385 3218 AEschi·

297 3246 344 3306 nis
354 3247 564 3324 eloquentiam,
576 3245 676 3325 quoad
692 3245 885 3315 narrationes,
897 3245 1130 3308 admirabuntur.
1157 3247 1253 3308 Paulo
1264 3260 1334 3328 poet
1345 3250 1386 3311 de

291 3338 396 3400 eodem
410 3339 569 3402 Timarcho
581 3349 612 3399 et
626 3337 829 3418 liegesandro,
843 3335 927 3398 istius
941 3338 970 3396 in
986 3337 1175 3417 improbitate
1188 3341 1280 3412 socio,
1296 3362 1386 3421 quarn

71 3510 73 3518 Α
162 3471 167 3476 -
291 3431 503 3494 contumeliose
524 3433 678 3494 tractarint
697 3430 883 3502 Pittalacunr,
897 3449 1027 3509 quocum
1046 3431 1222 3493 Timarchus
1243 3435 1388 3498 habuerat

292 3524 544 3599 consuetudinem,
571 3524 763 3606 Hegeeandro
791 3532 889 3584 umen
918 3523 1080 3585 accedente
1103 3525 1317 3604 repudiaverat,
1344 3528 1386 3588 ita

294 3627 400 3690 namet,
417 3626 449 3677 ut
462 3618 551 3678 risum
569 3618 618 3677 vis
639 3627 739 3686 tenero
757 3616 853 3675 lector
870 3617 973 3694 possit.
987 3615 1073 3692 (ibid.
1087 3625 1112 3692 ς.
1127 3617 1190 3692 ιγ’.)
1201 3617 1387 3696 μεθυσθέντες

294 3712 352 3790 γάρ
369 3735 437 3771 rore
452 3714 497 3770 rol
510 3714 588 3770 olrol
600 3709 787 3785 (Tinrarohus
800 3717 833 3768 et
850 3708 1176 3788 Hagesanderl-dirnr
1197 3711 1314 3792 ἱκααέργ
1334 3717 1388 3772 ot-

293 3814 349 3864 τῶν
369 3804 524 3882 λαγχάνει.
565 3801 624 3862 Hic
637 3812 706 3862 ante
719 3804 818 3863 omnia
830 3800 1024 3861 animadverti
1037 3800 1150 3861 dehent
1168 3820 1262 3862 mores
1275 3803 1388 3865 Timar·

294 3895 354 3968 chi,
363 3895 544 3973 Hegesendri
557 3904 587 3956 et
600 3895 746 3956 Pittalaci.
773 3896 845 3954 lllos
859 3894 959 3955 statim
972 3893 1071 3954 reddit
1084 3902 1172 3954 notos
1183 3895 1225 3954 ah
1233 3895 1389 3972 ebrietate,

229 4002 231 4014 ’
294 4010 313 4049 a
325 3988 425 4058 sociis,
440 3989 598 4049 avioleota
616 3989 777 4067 irruptione
791 3996 823 4046 et
841 3994 994 4057 nocturna,
1008 4005 1024 4045 a
1046 3985 1218 4066 petulantia,
1232 4007 1251 4047 a
1264 3989 1390 4050 crudeli·

295 4091 367 4160 tate,
382 4101 400 4141 a
420 4080 534 4152 tinore,
547 4091 577 4142 et
597 4079 728 4140 libidine.
769 4079 856 4138 Hunc
868 4077 1054 4149 Pittalacum,
1068 4079 1248 4138 recensenda
1260 4080 1327 4158 ejus
1339 4101 1389 4140 su·

295 4171 444 4253 pellectili,
459 4170 576 4247 damno,
593 4171 696 4250 plagis,
710 4171 848 4242 clamore,
864 4169 1064 4230 denudatione
1084 4170 1227 4248 corporis,
1240 4173 1390 4250 supplica·

296 4266 386 4340 tione,
407 4283 553 4324 concursu
574 4263 734 4333 hominum,
757 4261 907 4323 blanditiis
926 4271 957 4322 et
972 4263 1105 4323 irrisione
1118 4263 1278 4334 Timarchi,
1293 4265 1389 4344 inopi-

297 4367 367 4422 nato
380 4379 398 4417 e
411 4356 478 4416 soro
491 4355 588 4416 reditu
601 4366 634 4415 et
646 4355 699 4427 ira,
717 4355 758 4414 ita
772 4354 924 4425 describit,
940 4362 974 4414 ut
993 4373 1029 4414 ea
1048 4355 1146 4414 omnia
1160 4355 1260 4416 videre
1276 4366 1310 4416 et
1327 4376 1388 4418 rem

296 4470 364 4510 vere
378 4451 485 4512 factam
498 4457 595 4526 putes.
636 4447 709 4506 Tum
724 4447 773 4506 illo
787 4447 875 4526 longe
888 4447 1076 4520 facetissima,
1091 4448 1144 4507 uhi
1157 4447 1188 4507 iu
1200 4449 1291 4508 verbo
1304 4451 1389 4531 brep-

297 4546 499 4620 nyornertrne
509 4542 649 4602 rationem
664 4539 779 4618 consilii
794 4539 930 4602 Pittalaci
943 4539 1051 4613 reddit,
1063 4539 1215 4602 Timarchi
1229 4541 1391 4604 blanditias
