3125 5134
256 338 356 430 „294
553 356 580 424 l.
602 351 801 423 rstuotu
824 350 1066 477 Pumrsuto

272 528 328 579 τῶν
348 516 491 596 chirrsr·
530 514 699 576 Mortui
719 515 824 593 ἔδει-ὰς
843 514 1024 589 Ἐπιπολὰς,
1038 514 1084 574 διὰ
1104 514 1155 574 τὸν
1172 511 1291 595 ἁριθμὸν
1314 525 1370 578 νῦν

272 612 355 671 ἐννέα
372 608 508 669 Μουσῶν.
548 606 596 667 De
618 625 738 667 mro
761 607 865 669 borum
887 605 1085 685 Epistularum
1105 604 1230 665 Pbutius
1249 625 1370 685 quoquc

272 701 415 781 perhibet
430 698 630 761 testimonium
654 698 733 759 idem
752 697 783 759 in
804 698 882 760 eod.
902 697 1066 766 cclxiv.
1107 696 1207 758 Hodie
1226 698 1369 761 hebemus

272 792 385 854 'rrisus
397 791 518 871 quidem
531 790 717 861 Oretionum
731 790 881 869 Epistulas
894 807 965 849 vero
978 787 1152 853 Duudenss.

313 884 457 953 Quaensm
472 882 534 941 sint
545 881 635 961 igitur
647 880 870 959 abjudicando,
884 880 910 942 si
923 900 1051 959 queres,
1067 881 1127 941 sive
1140 888 1224 943 tuoto
1238 882 1368 943 Auctore

273 974 421 1055 indigum
440 974 501 1036 sire
522 982 594 1034 note
614 973 714 1053 ulique
732 974 850 1046 inustae,
865 991 933 1052 qum
953 972 1114 1034 novitatem
1126 994 1249 1053 urguere
1262 973 1369 1053 possit,

273 1068 332 1129 buc
344 1088 382 1129 ex
396 1088 453 1139 me,
467 1068 598 1144 inquom,
611 1066 636 1127 si
656 1084 783 1143 queres,
798 1063 856 1139 siu,
870 1066 1015 1144 predico,
1028 1063 1171 1128 confirmo
1188 1075 1220 1127 et
1238 1086 1371 1145 pronun·

271 1160 333 1233 cio,
347 1178 449 1221 omnes
460 1160 530 1220 xtl.
544 1156 771 1237 proscribendus
782 1159 917 1238 protinus
931 1167 961 1219 et
974 1158 1164 1219 eliminandos
1177 1179 1251 1220 csse.

314 1250 410 1314 Probe
426 1252 489 1315 scio
509 1270 571 1311 rem
584 1269 649 1311 esse
665 1251 797 1312 omnium
811 1249 1022 1325 difficillimum,
1036 1253 1186 1333 disputare
1200 1252 1238 1313 de
1253 1253 1299 1313 lris
1312 1252 1369 1314 isl-

273 1344 367 1418 luciis,
377 1364 445 1425 quse
457 1344 497 1403 sb
506 1344 642 1404 Aliorum
656 1352 707 1403 sut
718 1342 845 1417 Fraude,
857 1354 909 1404 sut
923 1343 1013 1406 nimiu
1023 1346 1098 1406 Otiu
1111 1346 1267 1425 proiectus,
1277 1345 1369 1407 AEtuti

274 1449 382 1499 nostrus
396 1437 614 1498 obtruduntur:
634 1436 713 1497 Novi
727 1455 817 1514 quum
832 1437 946 1499 lubrico
961 1438 991 1497 in
1011 1438 1079 1499 locu
1092 1448 1226 1499 versetur
1238 1440 1299 1514 illc,
1314 1439 1369 1518 qni

273 1531 305 1593 ‘ul
315 1532 459 1603 eleborst,
473 1539 508 1591 ut
519 1529 610 1591 elium
617 1528 774 1609 degenere
783 1529 945 1604 Orationis,
958 1530 996 1592 de
1005 1531 1177 1593 charactere
1184 1532 1318 1611 dicendi,
1330 1533 1371 1595 dc

274 1623 431 1686 verborum
445 1621 716 1700 septembremque
737 1622 907 1695 luminibus,
931 1642 966 1685 es
989 1624 1203 1703 persentiscere
1226 1624 1368 1698 addecet,

273 1735 342 1795 quse
354 1716 417 1794 ipse
430 1734 530 1775 secum
539 1714 727 1793 experieturs
746 1714 805 1775 sibi
813 1714 883 1777 licet
893 1736 952 1775 nun
960 1717 1253 1796 solumpersundeet,
1267 1736 1369 1779 rerum

273 1808 361 1869 etism
379 1806 548 1869 medullitus
568 1805 731 1887 concipiet,
749 1808 936 1887 penitusque,
951 1819 982 1868 et
1004 1817 1084 1869 tutus
1103 1809 1144 1869 od
1163 1828 1230 1871 cum
1251 1828 1367 1871 sensum

273 1898 730 1977 sententiamque-componetur.
772 1899 842 1957 Nou
860 1900 953 1977 quud,
967 1920 1035 1961 cum
1053 1901 1092 1960 de
1117 1902 1201 1981 Stylu
1217 1901 1368 1977 Auctoris,

273 1990 313 2061 dc
335 1986 482 2049 scribendi
505 1987 729 2067 meditandique
755 2009 873 2068 genere,
894 1990 932 2053 de
956 1992 1164 2056 sententiarum
1187 1994 1320 2073 pondere
1338 2002 1369 2054 et

271 2080 426 2160 gusinus,
443 2080 482 2141 de
499 2080 601 2141 colore
621 2080 784 2155 Oretionis,
795 2082 961 2160 ceterisque
974 2084 1006 2144 id
1019 2104 1112 2162 genus
1125 2086 1268 2167 disputes,
1282 2086 1369 2149 lesis-

273 2173 373 2233 simsm
391 2192 456 2235 cem
476 2171 671 2233 confirmandi
690 2172 835 2237 nnuncm
855 2194 919 2235 csse
931 2175 1118 2251 crediderim,
1133 2187 1184 2239 sut
1197 2179 1295 2257 potius
1307 2199 1370 2241 uon

271 2264 303 2325 iu
315 2284 351 2331 es
371 2266 430 2329 rim
445 2266 541 2329 inesse
559 2266 733 2327 munimem
754 2285 856 2330 verum
878 2287 946 2329 cum
969 2269 1007 2331 ‹le
1027 2269 1064 2331 iis
1078 2271 1109 2331 in
1133 2273 1287 2350 publicum
1307 2273 1370 2331 dis-

272 2378 362 2432 seres,
383 2379 419 2421 es
432 2359 594 2439 disputatio
607 2359 757 2422 scutrum
770 2360 903 2438 postulet
922 2361 966 2437 (id
987 2364 1070 2443 quod
1093 2384 1154 2425 nun
1173 2385 1289 2444 semper
1304 2364 1370 2427 fieri

270 2451 359 2525 solet)
377 2451 485 2514 eodem
504 2451 653 2513 literarum
674 2470 784 2531 grume
801 2452 944 2524 excultus,
966 2454 1005 2514 ed
1024 2455 1192 2515 istiusmodi
1216 2456 1316 2517 studia
1336 2464 1370 2516 et

182 2568 191 2581 ’
270 2544 371 2615 cuein,
383 2544 517 2622 curibus,
536 2562 625 2606 sensu
639 2540 797 2621 ctjudicio
809 2542 1018 2615 conformatus,
1033 2564 1087 2605 usu
1105 2545 1235 2622 denique
1253 2549 1371 2609 exerci-

269 2643 361 2707 totosc
372 2644 463 2715 etque
472 2656 511 2699 eu
523 2636 642 2697 demum
656 2637 719 2697 otiu
731 2634 928 2707 obondsntes,
943 2652 1004 2713 quo
1017 2635 1081 2714 ipse
1095 2635 1211 2712 frueris,
1226 2640 1280 2715 qui
1293 2639 1369 2701 istos

270 2730 416 2795 sucrum
429 2748 450 2791 e
459 2729 566 2792 teucris
582 2727 749 2809 unguiculis
767 2726 930 2800 edidicisti‚
951 2738 1043 2809 utque
1056 2728 1088 2789 in
1101 2728 1138 2789 iis
1151 2730 1237 2809 qussi
1251 2750 1366 2811 expen-

269 2821 496 2885 dendisirsisscs
508 2810 694 2885 mnumms'
987 2814 991 2819 ’
1302 2892 1310 2907 ,

277 2967 280 2973 .
310 2916 491 2993 Quanquam
504 2914 588 2975 istius
601 2912 716 2993 generis
728 2913 822 2975 mults
834 2913 959 2975 fortusse
970 2912 1069 2973 efferri
1080 2914 1261 2993 putuisseutr
1275 2924 1367 2993 utque

263 3004 336 3083 jore
350 3006 569 3082 contenderem,
582 3025 629 3066 me
640 3006 790 3085 ingenium
803 3005 960 3079 AEsclriuis,
973 3015 1005 3066 et
1018 3005 1158 3079 sonitum,
1171 3006 1228 3067 vim
1242 3016 1273 3067 et
1285 3009 1370 3067 rebe·

269 3096 420 3168 nentium,
440 3098 490 3158 lriu
510 3098 542 3157 iu
561 3097 627 3175 ipsu
650 3096 791 3157 AEselrine
811 3097 991 3170 desiderare,
1011 3108 1201 3159 veruntamen
1222 3097 1368 3179 popolus-i

269 3191 370 3270 potius
388 3192 521 3251 untione
538 3208 626 3268 egere
648 3189 810 3263 numum
822 3198 914 3267 etque
930 3190 967 3251 iis
988 3190 1169 3268 argumentis
1190 3192 1232 3253 uti
1255 3201 1365 3271 (neque

174 3330 179 3339 .
269 3302 340 3350 sene
362 3283 399 3344 iis
420 3281 659 3361 destitutumque
676 3300 764 3344 nemo
785 3279 969 3359 profitentur,
983 3292 1035 3343 sut
1048 3283 1198 3357 reclamet,
1212 3303 1244 3345 se
1255 3287 1367 3345 restire

269 3394 330 3436 oon
343 3394 440 3454 posse.

309 3468 408 3529 Nemo
421 3466 512 3531 bodie
523 3469 554 3529 in
568 3466 616 3529 ue
628 3467 772 3531 Litersris
786 3466 915 3545 reliquus
930 3453 986 3539 est',
1003 3465 1054 3545 qui
1076 3467 1282 3529 Demosthenis
1297 3469 1369 3547 Epi·

268 3561 361 3621 stulss
373 3562 529 3634 cunbctss,
543 3572 634 3641 utque
655 3559 831 3627 istiuumiui
843 3570 954 3622 temere
973 3569 1086 3621 assutos
1103 3578 1169 3619 esse
1190 3579 1250 3621 uun
1273 3561 1369 3623 oredi-

267 3653 363 3714 derit:
385 3653 472 3714 Adeo
493 3674 644 3733 nunquem
663 3652 702 3714 de
720 3672 757 3713 cs
777 3672 811 3716 re
831 3652 878 3716 vel
899 3652 1018 3716 minime
1036 3650 1183 3711 exstiterit
1201 3652 1371 3713 Dubitstiu·

269 3747 329 3807 Em
346 3754 445 3807 temen
465 3754 526 3807 tsm
543 3765 646 3825 presso
665 3743 743 3824 pede
765 3746 899 3825 sequitur
916 3747 1005 3809 bomo
1018 3752 1127 3818 noster,
1143 3752 1176 3805 ut
1193 3737 1312 3823 pbnum
1332 3746 1373 3806 le·

268 3846 357 3907 cturu
369 3838 435 3899 tisri
446 3837 552 3918 possit,
567 3838 620 3899 bes
631 3848 714 3899 certe
727 3850 861 3901 emnrss
872 3855 1027 3916 nonquam
1039 3836 1140 3909 fuisse,
1153 3836 1194 3921 ni
1203 3837 1262 3897 illae
1280 3847 1371 3901 autes

244 3988 247 3993 .
268 3930 461 3992 exstitissent.
508 3928 600 3989 Verbi
622 3933 736 4008 gretie:
771 3930 849 3999 Quo
874 3929 925 4015 ille
956 3928 1304 3991 Pseudo-Demosthenes
1330 3930 1370 3989 de

268 4024 399 4104 Lycurgi
420 4022 519 4085 liberis
541 4021 727 4101 conscripsit,
750 4023 799 4083 bic
824 4020 1115 4085 PseudoAEscbines
1142 4022 1262 4102 excipit,
1286 4022 1371 4100 citet,

227 4150 233 4162 ι
267 4127 359 4197 etque
372 4138 410 4177 cu
422 4126 594 4195 argumento
607 4133 676 4175 cum
697 4113 820 4175 Civibus
841 4115 900 4180 suis
921 4117 952 4181 iu
969 4124 1121 4198 postrema
1143 4116 1278 4195 Epistula
1297 4115 1370 4194 egit.

267 4212 484 4271 Theramenem
499 4209 564 4281 Ille,
578 4206 769 4286 Melsnopum
783 4206 852 4280 llic,
867 4208 1007 4275 excitarit
1021 4208 1247 4281 obtrectatores,
1262 4207 1311 4287 qui
1334 4205 1371 4266 si·

268 4306 367 4367 milem
379 4305 480 4367 ludum
495 4302 641 4373 luderent,
654 4312 745 4379 etque
756 4314 913 4381 utrumque
924 4300 1054 4371 exsulem
1074 4310 1105 4361 et
1124 4302 1278 4361 absentem
1298 4319 1372 4361 cun-

269 4399 353 4457 siciis
373 4398 455 4459 domi
473 4398 644 4459 lacerarent.
684 4394 771 4464 Adeo
783 4395 882 4457 Pecus
903 4394 974 4457 illud
991 4392 1171 4471 Scriptorum
1185 4411 1301 4471 semper
1314 4392 1387 4457 suit·

269 4488 447 4567 Μιμηηκόνι
466 4508 565 4569 neque
583 4506 620 4553 cx
634 4490 692 4551 istu
709 4508 798 4569 grege
813 4489 968 4567 quisquam
987 4506 1117 4565 uuquam
1136 4496 1255 4549 enortrss
1272 4484 1372 4561 luerit',
