3125 5134
466 390 468 395 ’
544 366 595 433 lN
617 366 882 445 AESGHINEM·
1197 368 1263 437 373

177 525 246 590 Fuit
258 524 338 594 diost
351 524 483 604 eiusdem
493 526 611 595 tutos
618 526 781 607 mutilum
792 525 976 593 moino
984 523 1264 603 sinhttnunnsod

175 619 246 682 item
259 638 277 685 a
290 618 438 697 scaligero
452 621 650 699 oonscriptun
666 620 768 685 iisdem
782 618 891 683 sorotis
905 617 1025 688 dicitnr,
1041 634 1132 695 penes
1145 617 1265 679 l’struu

178 712 409 789 Wesseliugiutu,
423 713 593 777 excellentis
611 713 758 777 doctrine
777 722 809 774 et
826 711 1017 776 honarumtis
1030 710 1132 781 orem,
1149 710 1267 787 conju

177 804 355 873 bibliotheca
371 806 400 865 in
415 804 638 882 Ultrajectinarn
652 806 800 884 publicant
813 805 938 867 transiit.
969 802 1195 879 Utrnjesttoen
1209 803 1286 868 boot

178 903 343 979 exemplum
351 921 419 962 cum
428 902 589 961 Oxoniensi
603 903 773 980 plerumque
788 902 934 971 convenit,
950 900 1005 959 nisi
1019 899 1101 977 qood
1111 899 1183 963 alias
1195 918 1268 977 pan·

178 994 257 1058 ciora
270 995 331 1068 illo,
344 996 415 1059 ulios
428 995 512 1077 plura
524 1004 614 1055 tenet.
636 994 809 1072 Exemplum
820 992 989 1054 oxoniense
998 1008 1092 1053 neom
1103 992 1134 1052 in
1144 991 1267 1070 gutum

179 1086 358 1166 suscripsers
369 1088 430 1149 duo
444 1088 647 1149 adolescentes
657 1087 774 1165 egregie
789 1086 894 1147 tenu
908 1093 940 1145 et
951 1102 1085 1161 nagnam
1094 1084 1134 1145 ds
1143 1104 1174 1145 se
1184 1103 1267 1163 sporn

179 1192 322 1253 creantes,
333 1182 543 1245 Griesbachius
554 1192 585 1241 et
594 1182 712 1260 whyte.
733 1178 947 1239 Griesbsebiss
961 1180 998 1239 Α.
1007 1178 1053 1241 Μ.
1067 1186 1122 1248 est,
1135 1176 1269 1240 domnos

180 1273 304 1338 celebris
319 1275 446 1355 theologi
461 1275 597 1337 Haleusis
611 1273 743 1347 Semlsri,
762 1271 948 1344 Rnnbscbii,
969 1270 1107 1348 usotogt
1117 1270 1268 1355 quondan

180 1366 249 1427 item
263 1369 408 1441 Halensir,
421 1370 609 1449 postmodnm
625 1367 773 1438 Girsuni,
788 1388 824 1427 er
836 1367 897 1427 tilia
915 1386 1020 1444 nepos,
1039 1381 1129 1442 qoem
1142 1364 1270 1425 Bernha-

181 1458 290 1529 cbiurn,
305 1482 360 1539 ego
374 1482 446 1539 puer
460 1462 558 1521 adbuc
571 1460 655 1520 Halae
669 1480 736 1519 cum
749 1459 880 1519 audirem
900 1478 955 1537 pro
969 1456 1111 1518 concione
1124 1455 1213 1516 verba
1226 1456 1269 1515 la·

180 1550 317 1623 cientem,
334 1562 365 1613 et
385 1572 465 1632 saepe
486 1554 595 1624 audivi,
616 1552 756 1613 recordor
775 1551 955 1630 adhucdum,
974 1569 1064 1628 quarn
1078 1548 1132 1608 siin
1147 1547 1269 1607 audiens

182 1643 355 1704 delectatus.
386 1644 441 1703 Ille
454 1645 554 1723 itaque
565 1644 789 1717 Griesbachius,
801 1664 855 1722 per
870 1642 1005 1702 Arabicae
1019 1640 1126 1719 linguae
1141 1638 1269 1699 studium

182 1735 263 1809 mihi,
276 1754 343 1795 enm
353 1753 444 1811 penes
458 1755 512 1795 nos
526 1737 634 1814 Lipsiae
649 1756 754 1796 annum
767 1736 907 1813 exigeret,
919 1734 1104 1807 conciliatus,
1118 1733 1147 1792 in
1158 1732 1272 1791 Britan·

181 1827 258 1888 niam
279 1826 438 1905 profectus,
455 1830 563 1888 Oxonii
585 1828 697 1889 scholia
718 1829 755 1888 ad
770 1827 918 1887 AEschinis
938 1826 1098 1886 orationem
1112 1826 1142 1885 in
1157 1825 1271 1885 Timar·
1306 1898 1311 1909 Ι

182 1920 269 1981 chum
284 1922 347 1998 ipse
361 1939 446 1981 mauu
460 1940 513 1980 sua
527 1941 543 1980 e
558 1922 634 1981 libro
648 1922 789 1981 bernardi
800 1940 867 1980 cum
882 1918 1093 1997 exscripsisset,
1107 1918 1206 1994 adme
1220 1919 1273 1977 mi·

183 2010 230 2083 sit,
253 2031 309 2071 una
330 2031 397 2072 cum
419 2012 536 2072 scholiis
557 2014 586 2071 in
608 2010 682 2071 duas
697 2012 826 2090 reliquas
843 2013 1002 2082 orationes,
1016 2030 1089 2089 quas
1104 2019 1136 2071 ut
1148 2028 1228 2069 meos
1242 2009 1273 2069 iu

183 2124 251 2164 usus
270 2106 457 2177 exscriberet,
475 2115 661 2184 permoverat
675 2106 838 2183 Whytium,
852 2105 1060 2173 Oxoniensem,
1080 2123 1169 2182 quem
1183 2104 1272 2163 sudio

183 2195 307 2255 mirifico
322 2197 457 2256 Arabicae
469 2197 627 2255 literaturae
641 2196 740 2255 studio
754 2196 906 2266 exarsisse,
920 2204 951 2254 et
966 2195 1172 2253 Aloorauicum
1185 2196 1273 2254 Leri-

184 2308 241 2347 coo
254 2288 391 2359 condere,
405 2298 533 2367 coptum
548 2288 633 2367 longe
646 2286 838 2359 utilissimum,
851 2296 882 2347 et
894 2288 934 2347 ita
945 2286 1150 2356 necessarium,
1162 2294 1196 2343 ut
1210 2285 1272 2345 sine

184 2380 266 2439 clave
285 2380 462 2439 Alcoranica
482 2380 575 2459 ipsam
597 2399 684 2458 posse
707 2381 887 2441 literaturam
909 2380 1067 2439 Arabicam
1091 2377 1272 2437 efflorescere

184 2492 297 2550 negem.
339 2473 422 2533 Faxit
440 2474 523 2547 deus,
543 2484 575 2533 ut
589 2483 718 2551 creptum
733 2474 791 2533 boc
806 2473 884 2531 omni
898 2472 996 2544 laude,
1010 2470 1274 2549 prosperrimisquc

184 2567 370 2627 successibus
391 2565 591 2646 dignissimum
613 2565 738 2625 feliciter
755 2564 891 2645 Wbytins
912 2574 1096 2638 exsequatur.
1137 2563 1274 2623 Accessit

184 2658 221 2718 ad
237 2658 299 2719 haeo
311 2660 480 2737 apographa
495 2658 613 2719 Oronio
626 2656 664 2717 ad
677 2678 724 2718 me
738 2659 824 2717 missa
839 2658 894 2717 snb
906 2658 983 2716 idem
997 2656 1058 2717 lere
1072 2666 1185 2734 tempus
1199 2673 1272 2734 apo·

184 2752 327 2829 grnphum
337 2752 404 2810 libri
417 2750 647 2828 Wesselingiani
661 2770 737 2811 nuuc
749 2750 948 2830 Ultrajectini,
959 2770 976 2809 a
986 2749 1128 2823 Goensio,
1139 2750 1221 2808 V.C.
1234 2747 1274 2807 ad

184 2865 231 2905 me
245 2845 372 2914 missum,
393 2844 455 2921 qui,
475 2846 650 2905 auctoritate
664 2843 786 2903 Sebaldi
800 2843 896 2914 Ravii,
909 2844 946 2901 V.
957 2844 994 2903 C.
1008 2852 1115 2915 motus,
1129 2843 1187 2901 hoc
1200 2840 1274 2902 mibi

185 2932 346 3009 tribuit,'ut
360 2954 547 3014 quaecunque
562 2936 636 2996 liber
654 2936 702 2995 ille
725 2946 816 3007 tenet,
838 2956 856 2996 a
877 2937 1036 3014 Scsligero,
1058 2945 1092 2995 nt
1109 2935 1220 3007 volunt,
1242 2934 1273 2994 io

184 3029 364 3109 marginibus
378 3028 497 3107 scripta,
510 3030 571 3108 ipse
582 3028 760 3089 exscriberet
770 3030 807 3089 ad
821 3051 865 3089 me
877 3030 1030 3102 mittenda,
1041 3050 1099 3095 uon
1111 3029 1148 3091 ad
1158 3028 1274 3091 AEsobi·

184 3143 248 3181 nem
265 3123 369 3194 solum,
384 3122 435 3180 sed
450 3123 487 3182 nd
503 3142 603 3181 omnes
618 3100 751 3201 reliquod
762 3142 882 3201 quoque
898 3126 1021 3182 Graecos
1035 3132 1176 3182 oratores.
1197 3122 1275 3181 Tau-

183 3214 250 3275 dem
266 3215 368 3295 paucis
382 3224 449 3275 ante
460 3214 607 3275 mensibus
618 3212 700 3277 Lood
705 3216 753 3275 ino
761 3214 799 3274 ad
810 3236 855 3276 me
866 3214 944 3275 misit
955 3215 1100 3276 Antonius
1110 3213 1274 3294 Aslewius,

184 3309 221 3369 V.
231 3308 266 3367 C.
281 3310 356 3367 inter
368 3306 425 3367 alin
439 3308 585 3369 volumina
598 3328 720 3369 numero
734 3328 823 3386 quam
837 3310 972 3386 piurima,
991 3310 1100 3386 quibus
1118 3306 1231 3385 Tsylor
1242 3306 1274 3367 iu

183 3401 352 3461 adornanda
373 3420 423 3461 sua
444 3402 651 3462 Demosthenis
670 3392 798 3462 editione
817 3422 885 3461 usus
906 3410 979 3472 erat,
995 3401 1140 3459 volumina
1160 3399 1219 3457 duo
1236 3398 1273 3486 ad

185 3497 351 3557 AEschinem
367 3497 459 3554 solnm
475 3497 661 3575 pertinentia,
681 3515 748 3574 quae
763 3515 841 3555 nuuc
856 3515 945 3573 penes
960 3515 1006 3555 me
1021 3504 1099 3554 sunt.
1122 3560 1126 3567 .
1141 3493 1272 3553 Alterum

184 3600 230 3649 est
249 3587 331 3660 illud,
354 3587 435 3666 qood
456 3588 621 3647 orationum
635 3589 782 3649 AEschinis
802 3578 965 3665 exemplum
986 3596 1076 3659 tenet,
1097 3607 1132 3645 ex
1151 3585 1274 3646 Henrici

187 3682 328 3760 Stephani
350 3700 475 3760 corpore
489 3683 665 3741 Graecorum
684 3691 832 3741 oratorum
849 3681 992 3741 minorum
1007 3680 1148 3753 evulsum,
1164 3679 1275 3739 chartis

185 3771 347 3850 interjectis
369 3775 549 3844 distinctum,
572 3773 679 3851 quibus
700 3774 811 3834 chartis
830 3774 949 3853 Taylor‚
973 3782 1082 3853 praeter
1102 3772 1274 3832 collationes

187 3864 321 3925 codicum
336 3866 508 3939 Loclrerani,
523 3865 693 3945 Harleyani,
713 3876 743 3927 et
757 3868 916 3938 Meadiani,
930 3866 1019 3927 etiam
1033 3865 1153 3926 Scholia
1166 3866 1276 3923 Graeca

174 3948 217 4011 ¹in
231 3954 439 4031 Timarcbeam,
461 3977 519 4017 uon
540 3958 608 4018 item
629 3959 659 4016 io
680 3960 807 4037 reliquas
821 3958 894 4018 duas
908 3958 1055 4017 orntioues
1069 3956 1275 4035 adscripscrat,

189 4045 290 4105 eadem
304 4067 369 4106 cum
384 4049 451 4121 illis,
464 4070 530 4125 quae
544 4050 572 4109 in
587 4050 770 4111 Bemardino
783 4060 813 4111 et
828 4050 1025 4128 Ultrajectino
1037 4049 1115 4108 libro
1131 4050 1275 4126 leguntur.

189 4137 249 4199 Sed
262 4140 365 4216 occepi
378 4160 497 4219 quoque
513 4144 542 4202 in
557 4142 673 4203 schedis
686 4144 743 4203 illis
761 4143 932 4222 Tnyloranis
952 4142 1030 4202 aliud
1051 4142 1196 4217 volumen,
1216 4159 1276 4218 quo
1341 4176 1345 4184 -

188 4239 343 4292 consutum
361 4242 425 4292 erat
444 4236 609 4315 exemplum
625 4234 818 4314 Timarohese‚
836 4256 872 4295 ex
885 4234 1014 4294 editione
1027 4232 1154 4311 Taylori,
1168 4232 1276 4293 chartis

189 4327 270 4407 puris
284 4326 501 4404 interpolatum,
512 4330 617 4406 quibus
629 4330 739 4389 chartis
748 4330 862 4407 Taylor
870 4328 963 4388 varim
974 4325 1114 4385 lectiones
1126 4324 1277 4391 Mendiaoi

190 4416 301 4477 codicis
316 4417 353 4476 sd
367 4416 444 4475 illum
457 4418 671 4493 Timaroheam,
691 4430 721 4480 et
736 4428 878 4498 praeterea
893 4416 1014 4479 Scholia
1031 4417 1060 4475 in
1075 4416 1198 4476 eandem
1212 4435 1277 4475 ora·
1353 4429 1357 4434 ’

189 4510 300 4571 tionem
314 4530 349 4568 es
364 4506 468 4570 eodem
482 4509 586 4569 codice
600 4512 693 4588 petita
705 4511 901 4588 inscripserat,
912 4510 951 4569 ab
963 4510 1018 4570 illis
1031 4510 1200 4571 bernardini
1213 4508 1278 4569 libri
