3125 5134
637 289 893 392 anrsrro
1280 329 1311 392 xi

206 489 252 550 nis
274 486 353 548 hand
376 483 513 564 procedit
532 483 581 543 ille
602 484 699 544 indes„
721 505 757 545 er
779 485 912 564 epistolis
926 485 998 547 nihil
1011 493 1102 559 terret,
1125 506 1192 567 quae
1208 498 1311 566 aperte

206 581 317 661 spurios
332 587 411 650 snut,
426 597 485 637 non
501 575 659 650 AEsclrinis,
676 577 728 638 sed
742 589 826 639 certo
839 579 949 640 certius
966 579 1091 640 libanii.
1111 581 1258 643 addentur
1272 581 1313 641 illi

205 675 299 736 indici
313 673 363 733 elii
377 670 501 742 indices,
512 669 655 741 historici,
667 671 868 750 geographici,
879 681 911 732 et
921 673 1019 751 legum
1029 673 1068 733 ab
1079 673 1218 733 AEscbiue
1229 691 1312 732 com·

204 775 445 826 memoratarum.
460 767 493 837 ³)
503 761 649 822 AEscbinis
659 763 762 823 Latina
773 763 976 842 interpretatio
985 763 1096 825 Wolfii.
1116 769 1148 840 4)
1161 765 1223 825 vita
1230 765 1311 825 Wol·

207 858 240 918 fii
253 858 293 918 sb
301 859 366 936 ipso
376 857 499 935 scripta.
521 857 554 930 h)
568 855 705 916 Matthei
717 857 835 916 libellus
845 857 1035 939 'academicus
1046 857 1083 918 de
1093 858 1233 918 AEscbine
1243 877 1311 918 ora.

206 963 283 1032 tore,
298 951 385 1028 cujus
399 947 579 1010 mentionem
599 947 628 1007 in
648 948 736 1027 hujus
753 949 938 1028 prelationis
958 950 1024 1028 ipso
1043 951 1141 1012 limine
1154 951 1328 1012 melchom.-

206 1046 240 1122 e)
264 1043 383 1123 Teylori
404 1041 442 1102 ad
462 1041 692 1102 Demosthenem
716 1049 747 1102 et
767 1042 935 1102 AEscbinem
955 1044 1164 1121 prolegomena
1185 1061 1222 1102 es
1245 1042 1312 1120 ejus

208 1135 325 1197 schedis
346 1133 511 1214 prodenda.
554 1133 743 1213 Plsgulerum
766 1135 885 1212 siquid
909 1136 1063 1215 supererit,
1087 1137 1118 1196 id
1146 1134 1313 1196 Dinarchus

210 1239 243 1290 et
265 1230 417 1308 Lyeurgus
445 1225 617 1304 implebunt.
661 1227 719 1286 Hic
740 1237 785 1286 est
807 1235 988 1309 conspectus
1006 1227 1129 1288 secundi
1156 1227 1312 1289 voluminis

210 1320 372 1381 ¹AEncbinei.
392 1353 433 1366 -
454 1318 670 1378 Annotationes
692 1337 771 1379 meas
792 1322 844 1400 qui
867 1321 1006 1399 judicare
1026 1321 1138 1392 volent,
1151 1340 1211 1380 eos
1238 1339 1312 1397 rogo

207 1413 410 1491 obtestorque,
426 1417 459 1470 ut
480 1408 648 1470 meminisse
669 1411 768 1483 velint,
783 1432 843 1472 non
858 1412 996 1474 diuturna
1010 1413 1203 1473 meditatione
1217 1422 1311 1472 metu-

209 1513 298 1577 ratas,
312 1504 482 1584 nequessnno
496 1511 631 1581 tempore
644 1503 839 1583 conscriptas,
854 1506 906 1565 sed
924 1506 1083 1583 plerasque
1101 1511 1237 1564 currente
1247 1504 1311 1580 jam

96 1661 102 1672 ,
208 1597 305 1678 prelo,
325 1597 432 1657 effusas
453 1615 528 1656 esse.
569 1597 641 1665 Quo
661 1596 774 1654 factum
795 1607 852 1666 est,
868 1599 946 1655 inter
964 1596 1152 1674 relegendum
1165 1598 1313 1655 chartasa

209 1691 295 1770 prelo
309 1689 439 1748 madidas
449 1689 512 1747 aliis
527 1707 564 1746 ex
583 1689 647 1745 aliis
664 1687 914 1757 succurrentibus,
929 1686 980 1746 ubi
998 1688 1082 1747 loeus
1101 1707 1161 1747 non
1181 1687 1312 1760 daretur,

210 1790 266 1844 aut
278 1780 453 1860 posteriores
467 1797 553 1838 cures
567 1777 707 1850 addendi,
722 1778 825 1856 spatiis
839 1776 903 1837 folii
913 1778 1059 1858 cujusque
1069 1781 1133 1858 jam
1147 1781 1312 1859 occupatis,

211 1883 265 1936 sut
280 1892 348 1934 cum
362 1869 508 1950 prioribus
522 1869 664 1942 mutandi,
678 1869 843 1949 typothetis
854 1871 943 1929 semel
957 1890 975 1930 a
988 1891 1020 1931 se
1030 1872 1192 1932 constituta
1204 1872 1313 1933 mutari

208 1988 289 2048 segre
310 1965 482 2036 serentibus,
496 1973 529 2024 ut
550 1962 816 2024 observetinncnle
836 1981 919 2037 mese,
932 1964 1000 2023 alim
1021 1983 1077 2044 per
1094 1965 1312 2044 supplementa,

207 2063 274 2122 alies
285 2079 340 2140 per
354 2059 461 2118 librum
482 2055 666 2128 variantium,
686 2057 753 2114 alise
771 2075 826 2135 per
844 2054 970 2118 indicem
994 2067 1210 2137 spargerentur.
1251 2058 1312 2130 Qui

208 2156 298 2216 index
312 2171 380 2215 cnm
397 2159 475 2212 esset
491 2150 605 2211 dudum
618 2157 686 2210 ente
700 2149 865 2222 confectus,
879 2169 968 2228 quam
982 2151 1130 2211 AEscbinis
1144 2152 1313 2212 excutiendi

123 2232 127 2238 ¹
209 2249 295 2309 lieret
305 2247 432 2316 initium,
449 2262 553 2304 vereor
565 2263 601 2303 ne
615 2243 726 2302 fectum
741 2240 779 2302 sit
792 2243 899 2321 passim
913 2243 1057 2316 locorum,
1072 2253 1106 2303 nt
1119 2243 1183 2322 ipse
1196 2263 1313 2305 meeum

209 2343 382 2412 dissideam,
397 2340 458 2400 alia
470 2338 503 2398 iu
516 2337 766 2407 annotationibus,
778 2337 839 2397 alia
851 2337 882 2396 in
896 2337 1045 2399 iudicibus
1058 2339 1187 2399 tradens.
1228 2341 1313 2418 Ope·

210 2435 249 2496 ris
261 2431 452 2502 tumultuarii,
467 2448 526 2489 nen
540 2447 600 2490 uno
613 2429 698 2508 qnasi
716 2428 836 2507 spiritns
855 2438 963 2502 tractu,
978 2450 1037 2490 non
1055 2430 1094 2490 ad
1114 2440 1210 2495 certas
1223 2431 1312 2510 leges,

210 2528 304 2589 mullo
316 2535 386 2586 aute
400 2523 541 2604 prrerisas
554 2531 645 2602 etque
658 2521 834 2582 constitutas
848 2523 1002 2594 elaborati,
1018 2543 1116 2603 neque
1129 2527 1312 2586 retractatio-

209 2619 298 2680 nibus
313 2635 391 2697 saepe
406 2615 541 2694 repetitis
554 2614 688 2694 expoliti,
703 2613 755 2674 sed
774 2609 798 2674 a‘
810 2617 922 2678 crebris
941 2617 1227 2696 interpellationibus
1245 2635 1314 2676 con·

210 2711 333 2784 turbati,
357 2718 388 2769 et
410 2708 496 2788 quasi
520 2706 661 2768 maculosi
683 2706 767 2788 lacti,
790 2705 854 2767 lieri
877 2709 992 2788 nequit,
1010 2719 1043 2768 ut
1064 2717 1164 2787 partes
1184 2709 1263 2767 inter
1280 2727 1313 2768 se

212 2823 312 2863 omues
331 2801 501 2862 concinant.
543 2799 675 2878 Singulis
695 2800 887 2859 semestribns
906 2799 1061 2878 prodenda
1082 2799 1153 2858 mihi
1169 2818 1239 2859 cum
1254 2801 1314 2860 sint

213 2895 328 2975 singula
339 2893 485 2954 volumina
503 2892 572 2952 hnic
592 2889 709 2965 similis,
723 2890 828 2970 eequis
845 2909 905 2950 non
924 2889 1069 2969 intelligit,
1092 2911 1139 2952 me
1152 2911 1171 2952 a
1184 2901 1313 2954 torrente

213 2990 300 3068 quasi
313 2987 438 3059 sufferri,
455 2995 507 3046 aut
521 2995 660 3065 tanquam
677 3003 695 3045 a
709 2983 843 3046 machina
857 2985 985 3064 quadam
998 2984 1160 3046 invincibili
1172 2985 1229 3064 agi,
1245 3005 1313 3066 qum

212 3101 261 3142 me
273 3099 332 3141 non
342 3079 470 3159 patietur
480 3080 650 3162 consistere,
665 3086 717 3139 aut
731 3097 875 3156 suspenso
888 3077 966 3161 pede
979 3077 1150 3156 procedere.
1190 3079 1313 3140 interim
1396 3067 1401 3080 ’

212 3182 278 3234 esto
291 3173 357 3233 hoec
371 3187 461 3252 opera
475 3171 607 3232 AEscbiui
622 3189 640 3231 a
655 3191 702 3232 me
721 3180 826 3231 nauata
837 3171 987 3254 specimen
1005 3171 1081 3249 ejus,
1100 3190 1188 3251 quarn
1208 3173 1313 3233 Demo·

212 3266 310 3328 stheni
323 3266 415 3347 paulo
428 3273 498 3343 post
510 3263 689 3346 impendam.

668 3543 801 3610 SECT.
821 3541 867 3609 V.

345 3691 396 3752 De
409 3694 526 3754 ratione
539 3679 718 3755 mimine-s
731 3693 822 3774 hujus
833 3695 933 3774 operis
945 3694 1191 3756 insecutorem.

253 3823 390 3884 Proxime
403 3822 565 3893 secuudum
575 3823 744 3884 AEschinem
757 3823 838 3884 dabo
854 3823 971 3904 Lysiam
981 3823 1188 3904 'l'ayloranum
1204 3823 1235 3883 in
1251 3843 1314 3902 quo

212 3914 443 3994 repraesentabo,
455 3933 524 3994 quse
531 3915 642 3995 Taylor
652 3916 682 3975 ia
691 3915 822 3978 editione
833 3917 938 3993 majori
949 3915 1043 3988 dedit,
1052 3916 1161 3980 omnia.
1171 3915 1313 3978 lectiones

213 4008 384 4070 Marklandi
398 4027 458 4068 non
472 4010 510 4069 ad
525 4009 636 4069 calcem
657 4009 800 4087 rejiciam,
816 4018 851 4069 ut
863 4010 974 4089 'l'aylor
991 4008 1074 4082 tecit,
1098 4009 1150 4070 sed
1172 4009 1228 4069 snb
1249 4009 1314 4087 ipso

213 4109 296 4162 texto
311 4101 424 4173 statim,
440 4121 526 4161 unam
541 4119 688 4181 quamque
702 4121 755 4161 suo
769 4100 846 4173 loco,
860 4102 1018 4162 exhibebo.
1060 4102 1139 4160 Mem
1151 4100 1316 4181 prodibunt
1413 4123 1417 4132 ·

213 4213 334 4274 prorsus
347 4213 445 4266 norae,
460 4205 600 4265 recoctae,
615 4202 647 4254 et
660 4193 716 4253 ibis
730 4195 852 4254 vetustis
865 4193 978 4256 dudum
992 4193 1080 4255 editis
1094 4193 1304 4255 dissimillimus.

252 4287 279 4345 A
296 4285 385 4365 Lysia
397 4286 435 4346 ad
448 4285 723 4364 reliquosoratoree
733 4285 862 4347 minores
876 4289 1046 4368 procedam,
1062 4288 1100 4348 de
1115 4287 1223 4366 quibus
1246 4305 1314 4366 ques

214 4375 309 4438 habeo
327 4377 468 4450 dicenda,
487 4397 523 4438 ea
537 4377 734 4457 peculiaribus
747 4379 972 4459 prefationibus
991 4399 1046 4440 sno
1063 4388 1195 4458 tempore
1210 4378 1316 4440 dandis

214 4485 339 4534 reservo.
383 4473 464 4532 Bene
489 4473 515 4532 si
537 4473 721 4548 successerit,
743 4471 903 4554 adjungam
924 4473 982 4532 illis
1000 4471 1145 4550 singulare
1168 4474 1315 4547 volumen,
