3125 5134
559 987 594 1069 I.
622 986 656 1071 Ι.
701 982 970 1071 REISKII

631 1165 891 1267 raAErur'ro

307 1518 617 1623 SCHOLIA
667 1519 750 1624 IN
801 1516 1212 1624 AESCHINEM.

701 1766 820 1783 ἡ

217 1886 302 1955 Quat
316 1904 394 1946 nuno
409 1888 518 1965 primur
536 1887 596 1947 edo
612 1886 642 1947 in
661 1888 828 1949 AEachinem
842 1890 969 1965 Scholia,
981 1911 999 1951 a
1011 1887 1111 1951 multia
1123 1884 1303 1956 deciderata,

217 1979 320 2039 utalia
334 1978 425 2039 multa
437 1980 551 2039 scilicet
564 1979 767 2041 desiderantur
780 1980 819 2041 ah
836 1981 1037 2061 ignorantibus
1050 1998 1133 2041 verae
1146 1996 1244 2038 rerum
1255 1993 1303 2035 ra·

215 2070 320 2149 tioner,
335 2092 354 2133 a
367 2074 495 2153 Tayloro
510 2092 571 2134 uon
588 2092 648 2135 uno
668 2074 734 2135 loco
757 2074 876 2135 laudata
891 2084 923 2136 et
940 2075 1157 2148 commendata,
1170 2072 1221 2133 red
1240 2071 1302 2150 ipra
1425 2152 1430 2165 ἱ

214 2184 268 2225 ano
282 2169 431 2243 prarconio
452 2166 551 2236 iidem,
566 2166 676 2237 videat,
691 2168 743 2245 qui
759 2168 917 2245 approbet,
931 2186 1021 2246 penes
1037 2186 1086 2227 me
1105 2164 1223 2245 quidem
1244 2180 1302 2223 non

213 2259 311 2335 magni
323 2278 359 2317 ea
371 2258 458 2328 liunt,
474 2266 505 2317 et
526 2276 596 2318 arua
610 2258 674 2334 ipre
695 2258 826 2330 docebit,
839 2278 886 2316 me
898 2258 975 2317 hona
988 2258 1048 2317 fide
1060 2276 1129 2317 cum
1142 2254 1303 2316 lectorihua

214 2366 309 2426 agere,
324 2350 375 2425 qui
390 2368 501 2408 merces
523 2348 592 2407 antia
615 2346 741 2408 triuiales
761 2348 946 2409 mendacium
967 2348 1088 2409 laudum
1107 2334 1303 2407 ortentatiouc

214 2439 366 2499 venditare
388 2439 520 2519 religioni
541 2438 611 2499 mihi
632 2439 754 2511 ducam
775 2440 915 2519 erigitur
936 2439 1065 2513 Scholia,
1083 2438 1161 2499 uude
1179 2454 1304 2513 accepe-

213 2531 280 2603 rim,
295 2541 329 2592 ut
342 2552 377 2592 ex
392 2552 439 2593 me
453 2533 576 2594 lectores
589 2532 725 2613 accipere
739 2532 869 2613 cupient,
883 2532 924 2593 ita
937 2552 1028 2613 opera
1046 2530 1115 2593 mihi
1136 2528 1233 2590 danda
1243 2535 1301 2597 eat,

213 2633 247 2685 ut
259 2644 310 2685 eoa
324 2624 412 2702 bajus
426 2625 467 2685 rei
481 2626 622 2685 certiores
633 2625 751 2686 faciam.
1010 2684 1014 2689 .

251 2715 370 2776 Scholia
378 2716 444 2777 hacc
455 2737 513 2778 non
525 2717 608 2777 uniur
618 2718 757 2777 ridentur
764 2722 961 2797 generiaeaae,
972 2718 1024 2778 aed
1037 2717 1138 2779 acoriia
1146 2722 1215 2776 aunt
1225 2730 1301 2775 rara

213 2808 363 2869 nobilioris
377 2809 486 2869 metalli
501 2809 586 2869 mium
601 2809 786 2871 intermixta.
826 2812 947 2872 Fundua
965 2810 1150 2872 scholiorum
1162 2806 1302 2885 antiquar

212 2910 245 2962 et
257 2900 399 2979 ingenuus
424 2900 528 2979 utique
549 2910 604 2973 eat,
624 2901 676 2959 aad
697 2902 902 2963 Graeculorum
915 2904 984 2972 ‚faex
1001 2920 1037 2960 ex
1059 2900 1157 2959 infima
1171 2908 1258 2959 artata
1271 2907 1303 2956 et

212 2994 306 3055 clatrc
319 2992 369 3053 illa
384 3001 499 3053 returta
513 2990 712 3071 bona,'magui
726 2992 831 3053 marito
844 3014 899 3053 auo
913 2993 1059 3067 iacienda,
1072 2993 1126 3051 aed
1140 3009 1235 3070 pauca
1248 3010 1302 3049 uu-

213 3106 303 3158 mero,
318 3096 378 3147 tam
391 3086 491 3146 multia
505 3087 588 3165 augia
602 3087 661 3146 auia
674 3086 781 3157 obruit,
796 3097 827 3146 ut
842 3106 894 3165 per
912 3107 959 3147 me
978 3088 1002 3149 ai
1022 3086 1159 3158 atetiraet,
1173 3083 1204 3143 iu
1217 3093 1300 3144 tene·

214 3178 274 3239 bria
294 3188 325 3239 et
342 3179 456 3257 angulis
475 3178 731 3251 bibliothecarum,
747 3179 855 3258 quibua
877 3177 993 3241 adhoc
1015 3178 1075 3237 diei
1095 3177 1237 3237 abatruaae
1252 3177 1299 3254 ja-

210 3264 342 3345 cuerant,
355 3272 464 3333 diutiua
488 3272 703 3333 inveterascere
722 3273 862 3334 sivissem.
904 3272 971 3332 Alia
988 3270 1063 3330 levia
1082 3278 1160 3341 sunt,
1178 3270 1235 3327 alia
1251 3268 1299 3327 rel

211 3366 411 3444 pactionum,
431 3366 487 3425 alia
507 3364 589 3438 ialaa,
610 3366 666 3425 alia
685 3365 809 3426 ridenda
830 3375 859 3425 et
883 3363 1080 3445 explodenda,
1098 3371 1193 3423 totum
1214 3378 1299 3439 paone

210 3458 353 3518 sarculum
368 3457 579 3534 abjiciendum.
621 3458 742 3529 Nescio,
757 3476 794 3517 au
815 3457 907 3518 iuaiut
923 3459 995 3536 ipaia
1008 3457 1083 3517 adeo
1098 3454 1221 3514 hienrici
1236 3452 1300 3513 Ste-

209 3550 300 3629 pbarri
314 3558 344 3610 et
356 3550 457 3610 Wolfii
471 3550 647 3611 editionibus
656 3550 790 3627 juniora,
802 3560 833 3610 et
843 3549 925 3609 illinc
940 3548 1017 3609 iatuc
1031 3546 1180 3609 translata.
1220 3543 1299 3604 Aldo

210 3643 330 3720 quidem
340 3643 461 3722 juniora
474 3645 582 3717 inesse,
595 3642 690 3702 nullur
703 3642 818 3703 dubito.
859 3642 923 3701 Cur
934 3650 1042 3710 autem,
1055 3641 1127 3711 aiea,
1140 3638 1193 3697 riri
1206 3635 1299 3709 docti,

209 3754 306 3815 neque
328 3734 371 3794 illi
389 3736 488 3795 obern
503 3734 580 3795 naria
595 3734 736 3806 bominac,
751 3743 780 3793 et
802 3734 922 3812 quibua,
935 3752 988 3794 cur
1002 3732 1134 3793 fraudem
1157 3731 1298 3800 facerent,

209 3828 249 3889 nil
275 3838 352 3889 earet
375 3846 483 3901 cauare,
511 3830 643 3888 certatim
671 3829 735 3888 baac
760 3827 871 3888 scholia
895 3827 1109 3887 collaudaruut.
1149 3824 1298 3885 Diti'eruut

209 3938 310 3981 aenaua
323 3921 472 3982 homiuum
487 3920 562 3981 iuter
574 3941 606 3981 ae
621 3920 876 4000 quamplurimum,
889 3929 923 3980 ut
936 3920 1039 3981 mirum
1053 3919 1135 3980 dictu
1148 3918 1197 3977 ait.
1232 3916 1298 3993 Ego

210 4020 304 4074 totum
319 4034 403 4094 paene
425 4034 515 4093 genua
530 4013 758 4075 Scholiastarum
780 4024 947 4085 contemno,
961 4022 993 4074 et
1005 4013 1044 4071 ab
1057 4030 1157 4071 eorum
1170 4009 1298 4068 lectione

137 4122 143 4141 ¹
203 4108 273 4166 ¹tota
285 4107 345 4169 vita
358 4110 506 4185 abhorrui,
521 4130 596 4190 quor
610 4110 836 4191 ludimagistror,
856 4110 1032 4181 blateronea,
1047 4108 1182 4179 inianter,
1202 4124 1296 4165 rerum

209 4200 394 4277 antiquarum
406 4203 557 4282 imperitos
571 4212 600 4262 et
614 4222 698 4280 paene
713 4204 817 4265 atultoa
829 4222 884 4263 uau
896 4222 962 4262 meo
970 4199 1237 4279 deprehendissem.
1259 4196 1297 4256 Et

209 4289 287 4349 bunc
315 4308 433 4368 quoque
457 4294 642 4354 scholiastam
663 4294 811 4355 AEaclrinia
834 4294 999 4355 fraterculia
1024 4312 1088 4352 ease
1112 4290 1297 4362 simillimum,

209 4382 396 4441 vehementer
409 4384 486 4457 mihi,
499 4386 551 4464 qui
568 4387 665 4447 editor
678 4388 742 4460 aim,
757 4386 908 4466 doletque,
931 4387 1083 4465 pudetque
1096 4383 1193 4444 fateri.
1234 4384 1297 4443 Do·

209 4474 332 4537 duellas
344 4482 451 4553 tamen,
466 4478 629 4551 Fabriciua,
645 4479 893 4553 liematerhuriua,
911 4478 1065 4558 Taylorur,
1080 4478 1298 4558 Wesaeliugiua,

209 4566 411 4642 Ruhnkeniua,
433 4568 565 4648 Toupius
587 4572 623 4632 ad
648 4571 801 4633 Theocriti
828 4574 1024 4650 Syracusanas
1047 4592 1076 4650 p.
1097 4576 1167 4634 aab.
1191 4572 1297 4650 parrim
