3125 5134
303 398 365 464 402
523 390 777 458 'PRAEFATIO
802 391 866 456 ΑΙ)
890 382 1146 453 VARIANTES

303 557 341 617 ad
361 554 448 617 finem
466 556 508 615 ὅτι
531 554 660 627 ἠδυνήθη.
703 558 777 614 Ante
793 565 867 613 orat.
887 553 916 611 in
938 545 1133 612 Timarchum
1145 544 1205 604 rita
1227 542 1384 613 AEscbinis‚

178 714 183 725 ,
303 652 390 729 cujus
409 650 470 709 init.
489 650 630 727 Αἰσχίνης
649 647 682 718 ἦν
700 650 781 725 ἀνήρ.
823 648 891 705 Scil.
907 657 952 705 est
971 642 1084 709 libanii
1100 649 1303 718 argumentum
1320 654 1385 695 ora·

304 744 391 802 tionis
408 742 560 801 Demostb.
572 766 604 799 π.
613 764 738 820 παραπρ.
768 738 851 798 Prior
863 758 929 817 pars
940 747 1055 797 constat
1069 734 1170 794 decem
1185 728 1383 809 quaternioni·

304 841 367 909 bus,
379 836 520 915 posterior
531 854 645 905 novem,
658 834 754 912 quide
768 833 880 909 integro
893 840 1090 891 numerantur.
1111 829 1227 887 Caetera
1238 822 1382 883 recentior

302 931 457 1009 potiorque
472 948 538 1007 pare
553 930 657 987 eodem
676 926 784 985 saeculo
797 936 915 984 exarata
928 923 1066 999 videtne]
1098 922 1247 982 Hactenus
1262 917 1380 996 Taylor.

304 1022 358 1081 His
376 1022 406 1080 in
420 1019 572 1081 codicibus
589 1016 708 1097 Taylori
727 1018 979 1094 praetermittite
995 1014 1168 1076 Lectionum
1185 1010 1380 1082 Loelseranus,

302 1114 353 1172 sed
369 1114 393 1172 is
409 1111 486 1172 baud
498 1112 620 1191 integer,
637 1110 770 1169 desinens
784 1109 862 1167 circa
878 1108 963 1168 finem
976 1107 1112 1167 orationis
1126 1105 1229 1184 primae
1248 1105 1277 1164 in
1292 1102 1380 1162 verbo

303 1208 421 1287 φυγόντι
436 1223 502 1282 pag.
516 1209 567 1275 71,
582 1207 631 1261 10.
654 1201 835 1279 Harleyanus
855 1201 924 1260 item
940 1200 1069 1279 egregius
1081 1207 1137 1271 eat,
1155 1198 1207 1256 sed
1219 1197 1288 1256 bnic
1300 1196 1382 1254 deest

200 1372 203 1380 Δ
302 1298 396 1358 oratio
409 1299 510 1375 prima.
552 1292 722 1355 Bernardini
735 1314 823 1372 penes
839 1314 883 1354 me
897 1294 1017 1372 quidem
1031 1293 1136 1371 magna
1150 1312 1208 1351 non
1222 1301 1267 1351 eet
1281 1301 1382 1354 aucto-

303 1391 382 1462 ritas,
404 1408 461 1448 non
479 1388 603 1447 maxima
628 1386 783 1447 Meadiani.
825 1388 944 1447 Oblitus
966 1407 1030 1447 sum
1048 1387 1137 1466 paulo
1156 1395 1223 1445 ante
1247 1384 1382 1445 ecdicum

303 1482 497 1542 Parisinornm
508 1480 681 1539 mentionem
692 1479 800 1551 lacere,
811 1480 981 1541 coisliniani
994 1480 1090 1549 unius,
1101 1488 1131 1537 et
1145 1487 1270 1555 quatuor
1279 1476 1383 1553 Regio-

304 1593 376 1647 rum,
392 1592 516 1651 quorum
532 1572 686 1632 Lectiones
698 1592 756 1631 non
771 1573 904 1631 videntur
923 1572 1140 1650 diligentissime
1160 1590 1223 1629 esse
1242 1576 1381 1638 enotntte,

302 1665 435 1744 quisquis
447 1663 586 1724 enotavit.
628 1663 762 1722 Pervenit
776 1664 814 1723 ad
829 1684 874 1723 me
888 1664 918 1722 in
932 1663 1047 1723 nobedis
1063 1662 1233 1742 Tuyloranis
1246 1660 1381 1719 volumen

303 1778 421 1837 quoque
432 1757 620 1835 epistolarum
636 1755 795 1827 AEsclrinis‚
808 1766 895 1834 prout
908 1776 926 1817 a
938 1756 1067 1837 Tuyloro
1081 1764 1148 1815 sunt
1161 1755 1261 1825 editae,
1274 1754 1382 1814 chartis

303 1851 372 1909 item
380 1849 558 1918 distinctum,
565 1846 671 1924 quibus
682 1847 792 1906 cbartis
800 1849 1060 1927 Taylorinscripsit
1066 1850 1231 1907 varietates
1237 1845 1386 1910 lectionis

302 1962 319 1999 e
332 1939 447 1997 duobus
458 1938 611 1997 codicibus
626 1948 767 2009 enotatas,
781 1959 857 2015 quoe
870 1941 988 2000 codieee
1001 1941 1057 2019 ipei
1070 1940 1182 2019 placuit
1194 1940 1287 1999 literis
1298 1941 1339 1999 A.
1352 1948 1382 1997 et

303 2034 337 2090 B.
351 2031 516 2107 designare,
531 2028 610 2087 nulla
624 2028 724 2087 addita
736 2039 816 2102 nota,
826 2029 941 2107 cujates
955 2032 996 2092 illi
1008 2032 1128 2093 codices
1141 2041 1248 2091 essent.
1291 2030 1380 2100 Quod

302 2122 424 2201 proinde
438 2141 483 2179 me
497 2139 616 2198 quoque
632 2137 749 2182 necesse
763 2132 807 2182 eet
821 2124 849 2182 in
862 2124 975 2184 incerto
989 2125 1165 2203 retinqoere
1205 2123 1329 2185 Videtur
1342 2125 1381 2181 A.

304 2213 490 2274 Askewianus
512 2233 588 2283 esse,
605 2232 663 2273 non
681 2232 767 2273 manu
785 2215 922 2293 scriptus,
934 2216 989 2276 sed
1008 2216 1117 2278 Aldina
1135 2216 1211 2277 notis
1228 2215 1281 2275 riri
1297 2212 1381 2275 docti

302 2323 463 2383 persperso.

342 2398 399 2457 Hic
413 2407 458 2457 est
468 2408 625 2475 apparatus
634 2398 749 2459 criticus
757 2400 795 2459 ad
807 2401 974 2461 AEscbinem
987 2400 1141 2480 aTeyloro
1154 2401 1284 2471 relictus,
1294 2416 1382 2478 quem

182 2550 185 2557 ,
302 2498 396 2549 totum
411 2488 539 2547 fideliter
554 2488 610 2546 boc
625 2489 655 2547 in
672 2490 769 2549 libello
784 2492 954 2552 radentium
966 2492 1098 2561 reddidi;
1121 2494 1191 2551 satis
1204 2493 1251 2552 ille
1265 2492 1382 2570 quidem

303 2599 423 2658 magnus
436 2588 466 2639 et
481 2577 580 2657 gratiis
594 2578 708 2658 dignun.
743 2582 807 2660 Ego
821 2583 955 2662 equidem
971 2581 1041 2640 mibi
1052 2584 1287 2660 congretnlaber,
1301 2582 1382 2659 quod

301 2674 403 2733 liceret
415 2682 510 2733 tantas
524 2690 594 2750 opes
608 2673 752 2751 prolerre,
764 2676 796 2734 in
805 2677 897 2753 ilique
908 2674 1012 2733 lubens
1021 2673 1242 2751 acquievissem.
1273 2675 1382 2736 Verum

301 2764 428 2827 secunda
441 2764 558 2824 fortune
572 2778 681 2843 preter
694 2786 773 2845 spem
785 2778 875 2845 atque
887 2766 1133 2846 exspectationem
1144 2785 1240 2826 meam
1252 2766 1383 2827 auctiore

300 2858 387 2916 etiem
399 2865 430 2917 et
444 2855 562 2915 meliore
576 2857 701 2925 obrutis..
723 2858 789 2917 lam
802 2869 1005 2936 processerant
1018 2876 1117 2935 operae
1130 2859 1383 2919 nostroeiueecu-

302 2946 399 3006 dendo
414 2946 551 3005 AEsebine
566 2965 663 3006 versus
677 2946 763 3007 linem
775 2950 915 3009 orationis
924 2950 962 3009 de
972 2950 1126 3028 legatione,
1135 2952 1199 3027 jum
1211 2948 1381 3028 indigestam

300 3039 378 3098 illam
391 3048 423 3097 et
435 3039 605 3116 permixtam
621 3040 767 3101 materiam
787 3042 920 3102 criticam
936 3043 1092 3122 a'l'eyloro
1107 3042 1238 3123 relictam
1250 3042 1382 3105 edtoeos

301 3148 369 3189 suos
389 3128 567 3207 redegeram,
587 3129 711 3191 lecticae
733 3152 850 3211 quaque
868 3136 907 3193 ad
929 3138 1063 3214 peginam
1076 3145 1108 3196 et
1121 3154 1235 3195 versum
1248 3134 1383 3195 editionis

299 3223 472 3303 Tnyloranae
492 3225 591 3292 relata.
610 3231 676 3285 conr
697 3236 816 3303 repente
834 3228 888 3287 Vir
909 3229 938 3287 in
962 3229 1054 3289 literis
1073 3228 1298 3305 elegantioribus
1308 3238 1341 3287 et
1353 3229 1382 3286 in

301 3317 382 3395 poesi
394 3316 546 3376 vernacula
554 3316 681 3375 lauream
693 3318 795 3378 merito
803 3339 857 3379 auo
865 3320 990 3398 adeptus
999 3320 1199 3391 immortalem,
1210 3318 1382 3396 Lessingiur,

302 3412 394 3471 Ducis
409 3409 634 3471 Brunssriceosis
652 3412 838 3472 nobilissimae
854 3411 1050 3486 bibliothece,
1064 3433 1130 3491 quae
1145 3414 1381 3475 Wollenbiittelre

300 3498 470 3574 asservatur,
486 3501 655 3581 praefectur,
669 3502 718 3562 die
731 3510 780 3563 24.
797 3504 969 3564 Decembris
984 3507 1020 3563 Α.
1035 3512 1124 3569 ltro.
1138 3506 1175 3565 ed
1190 3524 1239 3565 me
1254 3495 1391 3564 mitteret'

300 3612 354 3651 nec
373 3582 550 3669 opinantem,
565 3596 692 3654 omniunt
710 3596 853 3655 AEscbinis
874 3596 1020 3668 codicum,
1042 3616 1166 3675 qnorum
1178 3617 1232 3675 ego
1245 3595 1382 3674 equidem

299 3681 433 3739 arbitrari
447 3683 574 3741 valorem
586 3704 639 3743 usu
650 3686 813 3760 didicerim,
823 3688 885 3748 sine
895 3692 1095 3751 controversia
1104 3691 1381 3771 prestantiesimam,

298 3782 328 3832 et
350 3772 447 3831 nescio
466 3791 503 3833 an
524 3776 662 3848 omnium,
687 3789 834 3858 quotquot
853 3799 977 3860 utquam
992 3791 1135 3845 vterrarium
1156 3784 1381 3856 exstantbodie,

299 3862 518 3938 nobilissimum,
541 3884 599 3923 nou
627 3870 859 3947 antiquissimum
886 3876 1003 3951 quidem
1027 3876 1118 3951 illum,
1143 3885 1174 3937 at
1195 3877 1381 3937 multitudine

298 3956 456 4016 lectionum
466 3955 651 4034 probatarum
665 3969 694 4015 et
709 3961 896 4038 ingenuarum
906 3964 1027 4041 reliquis
1037 3968 1232 4029 annotantem.
1253 3968 1383 4029 nemersi

298 4064 396 4109 narsus
409 4044 526 4107 infitiari
537 4052 632 4124 neque
646 4068 762 4127 pusstun
778 4072 874 4132 neque
886 4056 971 4127 volo,
979 4058 1091 4119 mendis
1103 4059 1181 4121 band
1191 4077 1303 4129 curere,¹
1314 4079 1380 4138 quie

297 4158 394 4201 versut
409 4137 497 4199 linem
511 4140 658 4219 praecipue
672 4130 925 4207 annt'crebriores.
947 4149 1018 4209 Pers
1031 4160 1077 4210 est
1089 4148 1386 4230 bibliotbeeoepubliss

296 4248 351 4302 ete,
365 4248 432 4308 quac
453 4230 483 4289 in
501 4232 567 4309 jure
581 4241 669 4310 atque
688 4243 835 4312 potestate
849 4248 895 4298 ert
907 4240 1381 4305 Universitetisllelmstadieusis:

295 4330 476 4399 quapropter
501 4321 582 4383 illum
607 4326 739 4385 codicem
766 4328 1025 4392 Helmstadiensem
1054 4334 1235 4413 plerumque·
1250 4335 1380 4415 'appello

295 4410 437 4471 Enratus
450 4420 496 4473 est
509 4414 538 4473 in
552 4416 726 4476 membranis
744 4420 924 4481 nitidissimie
942 4424 1100 4502 plerisque,
1114 4436 1171 4486 uun
1184 4446 1283 4499 menei,
1297 4426 1383 4505 qnasi

295 4520 353 4561 uno
374 4502 432 4575 die,
452 4502 598 4567 literarum
621 4508 759 4571 ductibus
776 4514 979 4590 pulcherrimis
997 4527 1029 4578 et
1045 4504 1384 4599 inrumpentes-iniis,
