3125 5134
458 415 521 482 DE
543 415 757 482 AESCHINE
780 415 1011 484 ORATORE.
1226 421 1283 486 xxi

185 587 244 656 etp.
265 586 288 655 ς.
308 575 351 646 td.
366 573 432 650 fin.)
444 588 499 633 nee
519 573 659 648 Miltiadi,
675 592 731 636 nec
744 575 950 649 Themistocli,
971 595 1028 636 neo
1043 576 1166 636 Aristidi
1186 577 1286 639 aliisve

184 666 272 729 elaris
284 668 352 727 viris
365 687 384 726 n
406 666 568 745 majoribus
586 669 628 727 ob
647 669 782 728 virtutem
803 676 836 728 et
857 668 1004 730 beneficia
1022 669 1053 728 in
1073 671 1286 749 rempublicam

185 760 337 820 decretam
351 779 415 820 esee
429 777 548 820 auream
562 777 710 820 coronam.
749 759 842 831 Tum,
857 781 912 821 cnr
922 761 952 820 id
963 780 1023 820 non
1034 760 1073 824 ait
1086 760 1208 833 laetum,
1219 781 1288 822 sen-

187 853 279 914 tentie
289 851 407 912 sublimi
421 859 450 911 et
461 849 552 929 digna
562 851 694 913 tentibus
704 851 852 931 lactisque
865 853 981 912 illorum
991 854 1117 912 virorum
1129 853 1170 912 ita
1180 853 1286 914 docet:

187 951 223 1004 οῦ
242 947 301 1024 γὰρ
314 943 400 1025 ᾂοντο
420 943 478 1003 δεῖν
499 944 532 1004 έν
544 953 604 1010 τοῖς
618 945 768 1025 γρόμμασι
780 949 926 1025 τιμᾶσθαι,
941 949 1007 1006 ἀλλ’
1020 949 1102 1027 έντῇ
1121 949 1219 1029 μνήμη
1231 955 1288 1004 τοῖν

186 1035 220 1096 τό
233 1039 392 1107 παθόντων,
410 1041 429 1106 ἢ
446 1037 495 1094 drr'
508 1035 613 1096 ἐκείνου
631 1045 679 1098 τοῦ
701 1041 811 1116 χρόνου
823 1044 910 1118 μέχρι
922 1039 1003 1109 τῆςδε
1022 1051 1072 1110 τῆς
1090 1041 1197 1117 ἡμέρας
1216 1039 1286 1097 ‹tot-

187 1153 275 1198 νατος
287 1127 359 1189 olon
373 1129 506 1206 διαμένει.

630 1305 759 1374 SEUI'.
783 1309 848 1373 lv.

581 1465 633 1526 De
646 1469 732 1545 eopia
745 1466 901 1526 orationis.

230 1607 277 1664 De
291 1606 378 1684 copia
390 1605 543 1678 orationis,
559 1625 627 1686 quae
642 1613 672 1666 et
691 1607 846 1666 verborum
866 1615 911 1666 ert
925 1615 956 1666 et
970 1627 1074 1679 rerum,
1087 1608 1151 1683 jem
1169 1627 1287 1686 sepera-

189 1697 244 1756 tim
266 1697 384 1756 videtur
405 1699 563 1775 agendum.
598 1698 659 1758 Sed
681 1697 838 1758 verborum
859 1698 947 1776 copie
970 1719 988 1758 e
1011 1699 1130 1760 duobua
1156 1697 1287 1760 lontibua

189 1797 357 1868 promanat,
375 1791 513 1851 varietate
537 1799 568 1850 et
590 1790 771 1850 dilatatione.
813 1791 857 1848 Ex
877 1790 1018 1851 varietate
1043 1791 1201 1851 verborum
1224 1800 1287 1850 tour

191 1881 302 1952 existit,
323 1899 389 1940 cum
412 1881 511 1941 eedem
533 1902 580 1942 rea
605 1881 738 1962 pluribus
760 1881 864 1942 ‘verbis
888 1882 1079 1962 significatur.
1121 1883 1169 1943 Fit
1187 1891 1287 1943 nutem

192 1973 261 2045 hoo,
275 1973 318 2033 vel
329 1973 422 2033 verbis
435 1975 602 2055 synonymia
612 1975 768 2055 ponendis,
778 1984 810 2035 ut
820 1975 877 2035 lroo
887 1975 917 2035 in
928 1977 1014 2036 loeo:
1029 1981 1071 2054 (κ.
1083 1975 1205 2058 Κτησιρ.
1220 1983 1245 2052 ξ.
1254 1974 1289 2036 ό.

188 2073 259 2144 poti
272 2065 360 2140 med.)
373 2069 525 2128 α’νειίθννον
539 2065 567 2127 δέ
586 2069 632 2126 καί
652 2069 787 2140 ἀζήτητον
802 2070 847 2126 καί
859 2070 1043 2140 ἀνεξέταστον
1060 2068 1138 2144 ογδέν
1153 2070 1212 2128 έστι
1232 2079 1289 2129 τῶν

187 2159 219 2217 ἐν
233 2161 268 2240 τῇ
281 2161 371 2219 πόλει.
386 2159 444 2230 vel,
464 2159 488 2218 si
508 2159 636 2239 propriis
653 2160 818 2240 junguntur
837 2161 975 2220 translata
995 2164 1032 2235 (κ.
1048 2159 1175 2242 Τιμάρχ.
1190 2173 1215 2240 ς.
1234 2163 1290 2238 τί.)

187 2252 263 2328 ὑμεῖς
276 2275 304 2310 τε
318 2249 480 2332 βουλοίμην
499 2255 537 2312 ὃν
555 2255 684 2326 ἀκοῦσαι,
700 2253 743 2321 οίς
763 2255 820 2329 lyd
833 2257 931 2334 μέλλω
948 2257 1053 2328 λέγειν,
1073 2257 1119 2311 καί
1139 2257 1290 2332 προσέχειν
1405 2257 1410 2276 ’

187 2345 237 2403 τὸν
264 2351 331 2404 νοῦν
356 2349 401 2404 καὶ
424 2343 648 2426 παρακολουθεῖν
674 2349 811 2428 εὐμαθῶς.
854 2345 1002 2406 Dilatatur
1024 2365 1113 2424 porro
1138 2346 1242 2417 oratio,
1265 2347 1290 2405 ri

187 2436 288 2496 eadem
303 2435 386 2497 notio
396 2455 452 2517 per
463 2447 561 2517 partes
576 2440 760 2518 proponitur,
772 2439 797 2498 ai
809 2457 864 2518 pro
880 2439 998 2499 nornine
1012 2439 1132 2518 ponitur
1145 2437 1289 2512 definitio,
1399 2437 1403 2445 ’

189 2528 213 2588 εἰ
227 2547 319 2607 genus
332 2539 362 2589 et
376 2530 490 2609 species
499 2529 675 2610 junguntur,
686 2531 710 2591 si
724 2530 832 2593 aiendo
843 2531 1038 2611 negandoque
1049 2531 1201 2592 docemus.
1233 2531 1291 2590 Per

189 2629 285 2699 partes
299 2621 438 2681 tractavit
452 2623 603 2683 notionem
619 2623 735 2684 honesti
747 2623 801 2684 viri
816 2625 874 2684 hoc
887 2625 994 2685 modo:
1007 2628 1044 2699 (r.
1054 2623 1183 2708 Τιμίρχ.
1194 2633 1219 2699 ς.
1230 2624 1293 2699 κε’.)

189 2712 258 2785 αῦτη
271 2717 327 2790 μίν
340 2715 428 2787 έστιν,
441 2709 464 2774 ό
476 2713 617 2795 Τίμαρχε,
628 2718 772 2793 ἀπολογία
785 2716 888 2796 ἀνδρὸς
902 2715 1017 2792 είγαδοῦ
1032 2718 1078 2774 καῖ
1091 2719 1234 2794 σόρρονος
1246 2717 1293 2772 καί

190 2807 403 2873 πεπιστευκότος
416 2809 454 2887 τῷ
468 2804 522 2888 βίμ
531 2811 576 2866 καί
591 2819 831 2888 καταφρονοῦντος
845 2811 957 2873 είκότως
966 2807 1081 2877 ἅπιῖσης
1091 2803 1291 2884 βλασφημίας.
1356 2861 1362 2870 ,

192 2897 250 2956 Pro
271 2898 396 2966 κολάζετε
413 2899 479 2966 τοὺς
496 2905 732 2978 παρανομοῦντας
754 2907 785 2956 et
805 2897 872 2981 loco
893 2897 978 2956 unius
1000 2897 1082 2956 verbi
1101 2897 1291 2957 democratia)

192 2987 430 3050 commemoravit
442 2988 560 3068 parter:
575 2991 612 3065 (κ.
626 2989 749 3071 Κτησιφ.
767 2999 791 3068 ς.
806 2987 851 3066 δ’.)
864 2993 953 3060 λόετε,
968 2983 1160 3066 δἈόηναῑοι,
1174 2991 1226 3055 τὰς
1240 3013 1293 3048 πο-

190 3085 335 3161 ρανόμους
350 3071 473 3161 γνόμας,
489 3081 642 3157 βεβαιοῦτε
661 3089 694 3168 τῇ
709 3087 792 3142 πόλει
805 3087 857 3154 τὴν
871 3081 1068 3162 δημοκρατίαν,
1083 3082 1212 3151 κολάζετε
1226 3083 1292 3150 τοῦς

192 3175 365 3241 ὑπεναντίως
379 3177 416 3255 τῷ
430 3179 504 3255 νόμγ
519 3177 564 3234 καί
577 3201 609 3262 πρ
627 3177 710 3235 πόλει
727 3179 772 3234 καί
789 3180 827 3256 τῷ
842 3179 1010 3256 συμφέροντι
1025 3179 1064 3255 τῷ
1078 3175 1199 3254 ῦμετέρμ
1212 3181 1292 3234 πολι·

191 3269 367 3346 τευομένους.
410 3263 544 3327 Gloriam
558 3275 590 3328 et
611 3267 743 3346 pericula
757 3268 841 3327 adire
860 3266 903 3326 sic
917 3264 1095 3345 desoripsit:
1115 3271 1152 3340 (κ.
1166 3266 1290 3348 Κτησιρ.

191 3369 216 3436 ξ.
227 3361 272 3435 ξ’.)
287 3367 338 3419 νῦν
352 3357 381 3418 δέ
395 3355 475 3439 οἶμαι
489 3355 578 3418 διὰτὸ
593 3360 713 3421 σπάνιον
726 3361 771 3417 καί
785 3361 817 3418 τὸ
830 3365 1023 3439 περιμάχητον
1038 3361 1084 3416 καί
1096 3357 1128 3417 rei
1143 3357 1232 3417 καλὸν
1246 3362 1292 3416 καὶ

191 3453 222 3511 τό
233 3452 407 3530 ·ιῖείμνηστον
420 3451 451 3510 έκ
464 3461 512 3522 τῆς
526 3453 604 3524 νίκης
616 3450 747 3511 έθελουσί
759 3475 835 3519 τινες
847 3455 883 3510 τὰ
897 3453 1015 3530 σώματα
1028 3447 1292 3529 παρακαταθέμενοι

192 3545 238 3601 καῖ
261 3547 315 3610 τας
339 3549 479 3622 μεγίστας
505 3543 700 3623 ταλαιπωρίας
721 3547 923 3623 ὑπομείναντες
944 3541 1166 3601 διακινδυνεύειν.
1208 3541 1292 3600 Loco

191 3634 415 3715 ἐπιτηδευμάτων
435 3635 510 3695 dixit
536 3631 614 3710 βίον,
638 3639 738 3710 λόγον,
761 3641 883 3714 πράξεις.
905 3638 943 3714 τῷ
968 3631 1072 3706 ἀληθεῖ
1097 3631 1234 3709 adjunxit
1259 3633 1291 3692 τό

191 3727 324 3804 ἀψευδές,
346 3737 377 3787 el
399 3735 438 3809 τῷ
462 3729 586 3807 έναργεῖ,
606 3729 638 3787 τδ
660 3731 692 3786 οῦ
713 3731 927 3807 πεπλασμένον,
950 3735 981 3786 ei
1001 3727 1079 3786 hanc
1100 3725 1290 3786 senientiam:

192 3819 281 3878 Fama
303 3819 454 3878 hominurn
472 3819 550 3879 facta
565 3812 706 3888 celebrat,
721 3819 871 3898 eleganter
888 3827 919 3878 et
938 3819 1058 3898 copiose
1079 3817 1174 3878 tribua
1195 3817 1292 3878 modis

192 3911 353 3988 expressit:
369 3915 405 3984 (κ.
419 3910 548 3992 Τιμιίρχ.
561 3913 586 3981 i·
601 3911 663 3986 κζ.)
676 3915 737 3992 περὶ
758 3909 787 3970 δέ
800 3911 851 3971 τδν
863 3921 919 3971 τῶν
932 3911 1091 3991 α’νθρότων
1103 3909 1171 3985 βίον
1185 3914 1231 3970 καὶ
1244 3913 1293 3970 λό-

192 4025 248 4076 γον
263 4005 309 4060 rel
322 4005 375 4069 τδς
386 4004 498 4081 πράξεις
513 4007 619 4076 οῖληθίης
633 4027 662 4063 τε
681 4005 726 4062 καὶ
741 4002 865 4080 ἀψευδής
883 4029 926 4070 τις
947 4004 1004 4063 ἀπὸ
1022 4003 1200 4081 ταυτομάτον
1215 4009 1292 4062 πλα·

192 4103 275 4155 νεῖται
288 4097 366 4175 φίημη
380 4101 453 4153 κατα
466 4099 518 4166 τὴν
530 4099 615 4156 πόλιν
626 4099 670 4155 καί
680 4097 847 4173 διαγγέλλει
863 4104 923 4162 τοῖς
936 4098 1054 4162 πολλοῖς
1069 4099 1121 4162 τὰς
1135 4095 1208 4162 ίδίας
1221 4095 1293 4173 πρό-

190 4193 256 4258 ξεις,
270 4190 369 4245 πολλοί
383 4185 412 4245 δέ
431 4191 478 4246 καὶ
493 4189 660 4264 μαντεόεται
673 4189 736 4267 περὶ
751 4197 807 4248 τῶν
819 4189 987 4265 μελλόντων
999 4185 1127 4257 ἔσεσθαι,
1143 4191 1188 4246 καί
1205 4189 1293 4254 οὕτως

191 4281 312 4357 ένοργές
332 4279 392 4338 ἔστι
411 4281 457 4339 καί
476 4284 508 4340 οδ
530 4285 741 4360 πεπλασμένον,
761 4283 776 4340 ὃ
794 4285 872 4357 λέγω
887 4291 945 4341 etc.
960 4294 1060 4340 rursus
1081 4278 1292 4357 turpitudinem

191 4371 342 4431 'limarehi
354 4371 396 4430 ita
410 4374 494 4444 terit,
506 4381 539 4432 ut
554 4391 607 4452 pro
622 4373 796 4452 flagitiorum
809 4374 927 4432 nomine
938 4383 1063 4452 poneret
1076 4369 1292 4431 definitionem:

193 4467 229 4536 (r.
239 4463 367 4544 Τιμόμχ.
379 4475 403 4545 §-
415 4466 458 4542 οῖ.)
473 4465 551 4533 είδὼς
563 4465 590 4525 δέ
607 4467 692 4527 αῦτδν
705 4465 807 4546 ’ένοχον
820 4467 900 4537 ὄντα,
911 4464 954 4533 οῖς
968 4467 1057 4544 ὄλίγρ
1071 4465 1201 4542 πρότερον
1214 4465 1296 4535 droit-

196 4579 264 4614 σατε
278 4559 526 4632 ἀναγινώσκοντος
540 4565 589 4618 τοῦ
603 4563 802 4639 γραμματέως.
844 4559 930 4637 ilem,
945 4573 1012 4617 cum
1029 4554 1236 4617 Demosthenis
1250 4556 1294 4617 in·
