<?xml version="1.0" encoding="UTF-8"?>
<!DOCTYPE html PUBLIC "-//W3C//DTD XHTML 1.0 Transitional//EN"
    "http://www.w3.org/TR/xhtml1/DTD/xhtml1-transitional.dtd">
<html xmlns="http://www.w3.org/1999/xhtml" xml:lang="en" lang="en">
 <head>
  <title>
</title>
<meta http-equiv="Content-Type" content="text/html;charset=utf-8" />
  <meta name='ocr-system' content='tesseract 3.04.00' />
  <meta name='ocr-capabilities' content='ocr_page ocr_carea ocr_par ocr_line ocrx_word'/>
</head>
<body>
  <div class='ocr_page' id='page_1' title='image "./demosthenisetsc00dupogoog/demosthenisetsc00dupogoog_0022.png"; bbox 0 0 3125 5134; ppageno 0'>
   <div class='ocr_carea' id='block_1_1' title="bbox 249 330 1060 444">
    <p class='ocr_par' dir='ltr' id='par_1_1' title="bbox 249 330 1060 444">
     <span class='ocr_line' id='line_1_1' title="bbox 249 330 1060 444; baseline -0.001 -5"><span class='ocrx_word' id='word_1_1' title='bbox 249 375 295 440; x_wconf 75' lang='lat' dir='ltr'>xn</span> <span class='ocrx_word' id='word_1_2' title='bbox 463 401 465 406; x_wconf 87' lang='lat'><em>·</em></span> <span class='ocrx_word' id='word_1_3' title='bbox 547 365 574 440; x_wconf 81' lang='lat' dir='ltr'>l.</span> <span class='ocrx_word' id='word_1_4' title='bbox 598 375 625 438; x_wconf 92' lang='lat'>1.</span> <span class='ocrx_word' id='word_1_5' title='bbox 647 374 690 440; x_wconf 82' lang='lat' dir='ltr'>a.</span> <span class='ocrx_word' id='word_1_6' title='bbox 715 373 780 444; x_wconf 76' lang='lat' dir='ltr'>su</span> <span class='ocrx_word' id='word_1_7' title='bbox 804 330 1060 440; x_wconf 80' lang='lat' dir='ltr'>mscurunu</span> 
     </span>
    </p>
   </div>
   <div class='ocr_carea' id='block_1_2' title="bbox 249 531 1384 2464">
    <p class='ocr_par' dir='ltr' id='par_1_2' title="bbox 249 531 1384 2464">
     <span class='ocr_line' id='line_1_2' title="bbox 250 531 1354 616; baseline -0.003 -20"><span class='ocrx_word' id='word_1_8' title='bbox 250 555 311 616; x_wconf 85' lang='lat' dir='ltr'>quo</span> <span class='ocrx_word' id='word_1_9' title='bbox 324 532 468 613; x_wconf 86' lang='lat' dir='ltr'>quicquid</span> <span class='ocrx_word' id='word_1_10' title='bbox 482 540 596 594; x_wconf 78' lang='lat' dir='ltr'>veteres</span> <span class='ocrx_word' id='word_1_11' title='bbox 610 532 726 606; x_wconf 82' lang='lat' dir='ltr'>critici,</span> <span class='ocrx_word' id='word_1_12' title='bbox 742 531 904 614; x_wconf 80' lang='lat' dir='ltr'>Dionysius</span> <span class='ocrx_word' id='word_1_13' title='bbox 917 531 1354 614; x_wconf 78' lang='lat' dir='ltr'>Halicarnasseasisimprimis,</span> 
     </span>
     <span class='ocr_line' id='line_1_3' title="bbox 249 625 1221 706; baseline 0 -18"><span class='ocrx_word' id='word_1_14' title='bbox 249 647 337 706; x_wconf 88' lang='lat' dir='ltr'>super</span> <span class='ocrx_word' id='word_1_15' title='bbox 350 625 475 688; x_wconf 86' lang='lat' dir='ltr'>vetustis</span> <span class='ocrx_word' id='word_1_16' title='bbox 490 625 536 686; x_wconf 89' lang='lat' dir='ltr'>his</span> <span class='ocrx_word' id='word_1_17' title='bbox 547 625 716 688; x_wconf 90' lang='lat' dir='ltr'>oratoribus</span> <span class='ocrx_word' id='word_1_18' title='bbox 726 626 920 688; x_wconf 86' lang='lat' dir='ltr'>commentati</span> <span class='ocrx_word' id='word_1_19' title='bbox 933 635 1014 698; x_wconf 68' lang='lat' dir='ltr'>sunt</span> <span class='ocrx_word' id='word_1_20' title='bbox 1025 625 1221 706; x_wconf 83' lang='lat' dir='ltr'>complectar.</span> 
     </span>
     <span class='ocr_line' id='line_1_4' title="bbox 292 716 1354 800; baseline 0 -21"><span class='ocrx_word' id='word_1_21' title='bbox 292 721 436 780; x_wconf 81' lang='lat' dir='ltr'>Emensus</span> <span class='ocrx_word' id='word_1_22' title='bbox 450 718 508 779; x_wconf 87' lang='lat' dir='ltr'>hoe</span> <span class='ocrx_word' id='word_1_23' title='bbox 523 719 715 800; x_wconf 83' lang='lat' dir='ltr'>curriculum,</span> <span class='ocrx_word' id='word_1_24' title='bbox 726 719 810 799; x_wconf 87' lang='lat' dir='ltr'>quod</span> <span class='ocrx_word' id='word_1_25' title='bbox 822 719 910 780; x_wconf 87' lang='lat' dir='ltr'>video</span> <span class='ocrx_word' id='word_1_26' title='bbox 924 739 1014 798; x_wconf 86' lang='lat' dir='ltr'>quam</span> <span class='ocrx_word' id='word_1_27' title='bbox 1024 718 1155 798; x_wconf 86' lang='lat' dir='ltr'>longum,</span> <span class='ocrx_word' id='word_1_28' title='bbox 1166 716 1354 798; x_wconf 83' lang='lat' dir='ltr'>quamsndc·</span> 
     </span>
     <span class='ocr_line' id='line_1_5' title="bbox 250 811 1356 894; baseline 0.002 -20"><span class='ocrx_word' id='word_1_29' title='bbox 250 811 290 874; x_wconf 86' lang='lat' dir='ltr'>ris</span> <span class='ocrx_word' id='word_1_30' title='bbox 303 812 422 890; x_wconf 89' lang='lat' dir='ltr'>plenum</span> <span class='ocrx_word' id='word_1_31' title='bbox 436 812 486 884; x_wconf 88' lang='lat' dir='ltr'>sit,</span> <span class='ocrx_word' id='word_1_32' title='bbox 503 811 564 874; x_wconf 83' lang='lat' dir='ltr'>tuns</span> <span class='ocrx_word' id='word_1_33' title='bbox 577 811 696 874; x_wconf 86' lang='lat' dir='ltr'>demum</span> <span class='ocrx_word' id='word_1_34' title='bbox 710 813 858 894; x_wconf 83' lang='lat' dir='ltr'>proferam</span> <span class='ocrx_word' id='word_1_35' title='bbox 872 814 1058 892; x_wconf 80' lang='lat' dir='ltr'>apparatum,</span> <span class='ocrx_word' id='word_1_36' title='bbox 1073 813 1125 892; x_wconf 85' lang='lat' dir='ltr'>qni</span> <span class='ocrx_word' id='word_1_37' title='bbox 1138 832 1229 892; x_wconf 89' lang='lat' dir='ltr'>penes</span> <span class='ocrx_word' id='word_1_38' title='bbox 1242 832 1289 875; x_wconf 82' lang='lat' dir='ltr'>nra</span> <span class='ocrx_word' id='word_1_39' title='bbox 1299 820 1356 885; x_wconf 77' lang='lat' dir='ltr'>eu,</span> 
     </span>
     <span class='ocr_line' id='line_1_6' title="bbox 249 903 1355 984; baseline 0.001 -19"><span class='ocrx_word' id='word_1_40' title='bbox 249 903 386 965; x_wconf 86' lang='lat' dir='ltr'>criticum</span> <span class='ocrx_word' id='word_1_41' title='bbox 400 905 430 964; x_wconf 90' lang='lat' dir='ltr'>in</span> <span class='ocrx_word' id='word_1_42' title='bbox 445 904 685 966; x_wconf 80' lang='lat' dir='ltr'>Demosthenem.</span> <span class='ocrx_word' id='word_1_43' title='bbox 726 906 860 966; x_wconf 87' lang='lat' dir='ltr'>Primum</span> <span class='ocrx_word' id='word_1_44' title='bbox 883 907 950 984; x_wconf 87' lang='lat' dir='ltr'>ejus</span> <span class='ocrx_word' id='word_1_45' title='bbox 963 907 1101 966; x_wconf 82' lang='lat' dir='ltr'>volumen</span> <span class='ocrx_word' id='word_1_46' title='bbox 1114 905 1200 967; x_wconf 88' lang='lat' dir='ltr'>dabit</span> <span class='ocrx_word' id='word_1_47' title='bbox 1210 905 1355 968; x_wconf 80' lang='lat' dir='ltr'>ineditum</span> 
     </span>
     <span class='ocr_line' id='line_1_7' title="bbox 251 995 1357 1076; baseline 0.003 -20"><span class='ocrx_word' id='word_1_48' title='bbox 251 996 458 1058; x_wconf 73' lang='lat' dir='ltr'>Demosthenis</span> <span class='ocrx_word' id='word_1_49' title='bbox 482 997 654 1076; x_wconf 79' lang='lat' dir='ltr'>Exegetam,</span> <span class='ocrx_word' id='word_1_50' title='bbox 678 999 828 1060; x_wconf 88' lang='lat' dir='ltr'>Zosimum</span> <span class='ocrx_word' id='word_1_51' title='bbox 847 995 1130 1074; x_wconf 70' lang='lat' dir='ltr'>ascalonitanum</span> <span class='ocrx_word' id='word_1_52' title='bbox 1148 999 1292 1059; x_wconf 74' lang='lat' dir='ltr'>Gasoeum</span> <span class='ocrx_word' id='word_1_53' title='bbox 1309 997 1357 1058; x_wconf 77' lang='lat' dir='ltr'>di.</span> 
     </span>
     <span class='ocr_line' id='line_1_8' title="bbox 249 1090 1357 1172; baseline 0.002 -22"><span class='ocrx_word' id='word_1_54' title='bbox 249 1091 334 1166; x_wconf 87' lang='lat' dir='ltr'>eunt)</span> <span class='ocrx_word' id='word_1_55' title='bbox 348 1090 372 1148; x_wconf 87' lang='lat' dir='ltr'>si</span> <span class='ocrx_word' id='word_1_56' title='bbox 387 1091 461 1151; x_wconf 88' lang='lat' dir='ltr'>tanti</span> <span class='ocrx_word' id='word_1_57' title='bbox 475 1091 543 1172; x_wconf 84' lang='lat' dir='ltr'>erit,</span> <span class='ocrx_word' id='word_1_58' title='bbox 558 1099 588 1152; x_wconf 90' lang='lat' dir='ltr'>et</span> <span class='ocrx_word' id='word_1_59' title='bbox 602 1091 732 1153; x_wconf 90' lang='lat' dir='ltr'>nancisci</span> <span class='ocrx_word' id='word_1_60' title='bbox 745 1093 771 1152; x_wconf 90' lang='lat' dir='ltr'>si</span> <span class='ocrx_word' id='word_1_61' title='bbox 784 1101 899 1171; x_wconf 87' lang='lat' dir='ltr'>potero.</span> <span class='ocrx_word' id='word_1_62' title='bbox 918 1095 921 1099; x_wconf 89' lang='grc'><strong>’</strong></span> <span class='ocrx_word' id='word_1_63' title='bbox 939 1091 1028 1156; x_wconf 85' lang='lat' dir='ltr'>Nune</span> <span class='ocrx_word' id='word_1_64' title='bbox 1042 1092 1119 1154; x_wconf 74' lang='grc' dir='ltr'>ωἱω</span> <span class='ocrx_word' id='word_1_65' title='bbox 1133 1091 1305 1154; x_wconf 77' lang='lat' dir='ltr'>adhucdum</span> <span class='ocrx_word' id='word_1_66' title='bbox 1318 1111 1357 1152; x_wconf 87' lang='lat' dir='ltr'>eo</span> 
     </span>
     <span class='ocr_line' id='line_1_9' title="bbox 251 1182 1358 1264; baseline 0.003 -23"><span class='ocrx_word' id='word_1_67' title='bbox 251 1200 348 1254; x_wconf 89' lang='lat' dir='ltr'>careo,</span> <span class='ocrx_word' id='word_1_68' title='bbox 363 1191 394 1242; x_wconf 88' lang='lat' dir='ltr'>et</span> <span class='ocrx_word' id='word_1_69' title='bbox 408 1202 468 1261; x_wconf 90' lang='lat' dir='ltr'>quo</span> <span class='ocrx_word' id='word_1_70' title='bbox 478 1182 546 1244; x_wconf 85' lang='lat' dir='ltr'>loco</span> <span class='ocrx_word' id='word_1_71' title='bbox 556 1184 595 1244; x_wconf 92' lang='lat' dir='ltr'>sit</span> <span class='ocrx_word' id='word_1_72' title='bbox 606 1183 770 1258; x_wconf 88' lang='lat' dir='ltr'>habendus,</span> <span class='ocrx_word' id='word_1_73' title='bbox 781 1184 881 1264; x_wconf 86' lang='lat' dir='ltr'>magni</span> <span class='ocrx_word' id='word_1_74' title='bbox 891 1182 1055 1258; x_wconf 79' lang='lat' dir='ltr'>faciendus,</span> <span class='ocrx_word' id='word_1_75' title='bbox 1065 1203 1104 1246; x_wconf 90' lang='lat' dir='ltr'>an</span> <span class='ocrx_word' id='word_1_76' title='bbox 1114 1183 1358 1258; x_wconf 85' lang='lat' dir='ltr'>contemnendus,</span> 
     </span>
     <span class='ocr_line' id='line_1_10' title="bbox 250 1275 1357 1360; baseline 0.003 -27"><span class='ocrx_word' id='word_1_77' title='bbox 250 1275 367 1360; x_wconf 87' lang='lat' dir='ltr'>ignoro.</span> <span class='ocrx_word' id='word_1_78' title='bbox 408 1275 469 1336; x_wconf 85' lang='lat' dir='ltr'>Sed</span> <span class='ocrx_word' id='word_1_79' title='bbox 492 1295 561 1355; x_wconf 89' lang='lat' dir='ltr'>spes</span> <span class='ocrx_word' id='word_1_80' title='bbox 584 1275 663 1338; x_wconf 82' lang='lat' dir='ltr'>lacta</span> <span class='ocrx_word' id='word_1_81' title='bbox 687 1286 769 1338; x_wconf 36' lang='lat' dir='ltr'>estne</span> <span class='ocrx_word' id='word_1_82' title='bbox 787 1277 933 1338; x_wconf 84' lang='lat' dir='ltr'>Vaticana</span> <span class='ocrx_word' id='word_1_83' title='bbox 957 1276 1144 1356; x_wconf 83' lang='lat' dir='ltr'>impetrandi.</span> <span class='ocrx_word' id='word_1_84' title='bbox 1184 1275 1357 1338; x_wconf 88' lang='lat' dir='ltr'>Secundum</span> 
     </span>
     <span class='ocr_line' id='line_1_11' title="bbox 251 1367 1358 1433; baseline 0.003 -8"><span class='ocrx_word' id='word_1_85' title='bbox 251 1367 388 1428; x_wconf 83' lang='lat' dir='ltr'>volumen</span> <span class='ocrx_word' id='word_1_86' title='bbox 399 1367 554 1430; x_wconf 78' lang='lat' dir='ltr'>exhibebit</span> <span class='ocrx_word' id='word_1_87' title='bbox 568 1369 668 1430; x_wconf 80' lang='lat' dir='ltr'>silvam</span> <span class='ocrx_word' id='word_1_88' title='bbox 688 1370 844 1433; x_wconf 85' lang='lat' dir='ltr'>immanem</span> <span class='ocrx_word' id='word_1_89' title='bbox 861 1370 1037 1432; x_wconf 71' lang='lat' dir='ltr'>variantium</span> <span class='ocrx_word' id='word_1_90' title='bbox 1051 1368 1358 1432; x_wconf 83' lang='lat' dir='ltr'>Demosthenicarura.</span> 
     </span>
     <span class='ocr_line' id='line_1_12' title="bbox 251 1459 1360 1544; baseline 0.005 -26"><span class='ocrx_word' id='word_1_91' title='bbox 251 1459 381 1520; x_wconf 85' lang='lat' dir='ltr'>Tertium</span> <span class='ocrx_word' id='word_1_92' title='bbox 393 1461 616 1524; x_wconf 66' lang='lat' dir='ltr'>annotationum</span> <span class='ocrx_word' id='word_1_93' title='bbox 631 1462 774 1544; x_wconf 84' lang='lat' dir='ltr'>quicquid</span> <span class='ocrx_word' id='word_1_94' title='bbox 790 1474 847 1536; x_wconf 89' lang='lat' dir='ltr'>est,</span> <span class='ocrx_word' id='word_1_95' title='bbox 861 1463 972 1536; x_wconf 81' lang='lat' dir='ltr'>wolfii,</span> <span class='ocrx_word' id='word_1_96' title='bbox 987 1463 1119 1544; x_wconf 77' lang='lat' dir='ltr'>Taylori,</span> <span class='ocrx_word' id='word_1_97' title='bbox 1133 1482 1275 1534; x_wconf 85' lang='lat' dir='ltr'>mearum,</span> <span class='ocrx_word' id='word_1_98' title='bbox 1287 1463 1360 1524; x_wconf 88' lang='lat' dir='ltr'>alio·</span> 
     </span>
     <span class='ocr_line' id='line_1_13' title="bbox 252 1552 1359 1633; baseline 0.004 -21"><span class='ocrx_word' id='word_1_99' title='bbox 252 1571 326 1612; x_wconf 90' lang='lat' dir='ltr'>rum.</span> <span class='ocrx_word' id='word_1_100' title='bbox 349 1553 495 1622; x_wconf 84' lang='lat' dir='ltr'>Quartum</span> <span class='ocrx_word' id='word_1_101' title='bbox 506 1552 637 1632; x_wconf 89' lang='lat' dir='ltr'>denique</span> <span class='ocrx_word' id='word_1_102' title='bbox 647 1555 774 1616; x_wconf 86' lang='lat' dir='ltr'>indicem</span> <span class='ocrx_word' id='word_1_103' title='bbox 786 1555 957 1616; x_wconf 72' lang='lat' dir='ltr'>Graecitatis</span> <span class='ocrx_word' id='word_1_104' title='bbox 965 1553 1359 1633; x_wconf 78' lang='lat' dir='ltr'>Demosthenicae,aliosqae</span> 
     </span>
     <span class='ocr_line' id='line_1_14' title="bbox 251 1643 1361 1727; baseline 0.005 -25"><span class='ocrx_word' id='word_1_105' title='bbox 251 1643 365 1705; x_wconf 87' lang='lat' dir='ltr'>indices</span> <span class='ocrx_word' id='word_1_106' title='bbox 386 1645 429 1704; x_wconf 89' lang='lat' dir='ltr'>his</span> <span class='ocrx_word' id='word_1_107' title='bbox 453 1645 492 1706; x_wconf 90' lang='lat' dir='ltr'>ad</span> <span class='ocrx_word' id='word_1_108' title='bbox 519 1647 689 1708; x_wconf 85' lang='lat' dir='ltr'>AEschinem</span> <span class='ocrx_word' id='word_1_109' title='bbox 709 1649 925 1727; x_wconf 87' lang='lat' dir='ltr'>pertinentibus</span> <span class='ocrx_word' id='word_1_110' title='bbox 946 1645 1068 1708; x_wconf 88' lang='lat' dir='ltr'>similes.</span> <span class='ocrx_word' id='word_1_111' title='bbox 1107 1645 1199 1706; x_wconf 78' lang='lat' dir='ltr'>Hand</span> <span class='ocrx_word' id='word_1_112' title='bbox 1218 1665 1267 1712; x_wconf 84' lang='lat' dir='ltr'>me</span> <span class='ocrx_word' id='word_1_113' title='bbox 1283 1646 1361 1726; x_wconf 77' lang='lat' dir='ltr'>fugit</span> 
     </span>
     <span class='ocr_line' id='line_1_15' title="bbox 252 1736 1358 1817; baseline 0.004 -21"><span class='ocrx_word' id='word_1_114' title='bbox 252 1736 359 1797; x_wconf 89' lang='lat' dir='ltr'>multos</span> <span class='ocrx_word' id='word_1_115' title='bbox 378 1757 452 1809; x_wconf 87' lang='lat' dir='ltr'>esse,</span> <span class='ocrx_word' id='word_1_116' title='bbox 474 1738 526 1816; x_wconf 88' lang='lat' dir='ltr'>qui</span> <span class='ocrx_word' id='word_1_117' title='bbox 547 1757 603 1817; x_wconf 91' lang='lat' dir='ltr'>pro</span> <span class='ocrx_word' id='word_1_118' title='bbox 625 1738 765 1798; x_wconf 82' lang='lat' dir='ltr'>AEschine</span> <span class='ocrx_word' id='word_1_119' title='bbox 779 1739 962 1815; x_wconf 85' lang='lat' dir='ltr'>reliquisque</span> <span class='ocrx_word' id='word_1_120' title='bbox 975 1742 1091 1802; x_wconf 81' lang='lat' dir='ltr'>Graecis</span> <span class='ocrx_word' id='word_1_121' title='bbox 1112 1739 1278 1800; x_wconf 88' lang='lat' dir='ltr'>oratoribus</span> <span class='ocrx_word' id='word_1_122' title='bbox 1293 1738 1358 1816; x_wconf 87' lang='lat' dir='ltr'>jam</span> 
     </span>
     <span class='ocr_line' id='line_1_16' title="bbox 251 1827 1360 1912; baseline 0.006 -26"><span class='ocrx_word' id='word_1_123' title='bbox 251 1847 330 1888; x_wconf 93' lang='lat' dir='ltr'>nunc</span> <span class='ocrx_word' id='word_1_124' title='bbox 348 1830 451 1889; x_wconf 84' lang='lat' dir='ltr'>malint</span> <span class='ocrx_word' id='word_1_125' title='bbox 470 1848 488 1888; x_wconf 90' lang='lat' dir='ltr'>a</span> <span class='ocrx_word' id='word_1_126' title='bbox 507 1849 553 1888; x_wconf 88' lang='lat' dir='ltr'>me</span> <span class='ocrx_word' id='word_1_127' title='bbox 575 1829 654 1889; x_wconf 89' lang='lat' dir='ltr'>hunc</span> <span class='ocrx_word' id='word_1_128' title='bbox 676 1837 853 1906; x_wconf 86' lang='lat' dir='ltr'>apparatum</span> <span class='ocrx_word' id='word_1_129' title='bbox 874 1827 1011 1907; x_wconf 78' lang='lat' dir='ltr'>proferri.</span> <span class='ocrx_word' id='word_1_130' title='bbox 1052 1831 1167 1892; x_wconf 85' lang='lat' dir='ltr'>Contra</span> <span class='ocrx_word' id='word_1_131' title='bbox 1187 1851 1249 1893; x_wconf 85' lang='lat' dir='ltr'>non</span> <span class='ocrx_word' id='word_1_132' title='bbox 1270 1833 1360 1912; x_wconf 76' lang='lat' dir='ltr'>pansi</span> 
     </span>
     <span class='ocr_line' id='line_1_17' title="bbox 252 1919 1359 2002; baseline 0.007 -24"><span class='ocrx_word' id='word_1_133' title='bbox 252 1929 331 1992; x_wconf 88' lang='lat' dir='ltr'>suut,</span> <span class='ocrx_word' id='word_1_134' title='bbox 353 1920 404 1998; x_wconf 91' lang='lat' dir='ltr'>qui</span> <span class='ocrx_word' id='word_1_135' title='bbox 423 1920 517 1981; x_wconf 88' lang='lat' dir='ltr'>nolint</span> <span class='ocrx_word' id='word_1_136' title='bbox 534 1921 573 1980; x_wconf 91' lang='lat' dir='ltr'>ah</span> <span class='ocrx_word' id='word_1_137' title='bbox 593 1920 643 1980; x_wconf 91' lang='lat' dir='ltr'>illa</span> <span class='ocrx_word' id='word_1_138' title='bbox 662 1919 863 1999; x_wconf 79' lang='lat' dir='ltr'>descriptione</span> <span class='ocrx_word' id='word_1_139' title='bbox 876 1919 1004 1980; x_wconf 84' lang='lat' dir='ltr'>universi</span> <span class='ocrx_word' id='word_1_140' title='bbox 1016 1921 1114 1998; x_wconf 89' lang='lat' dir='ltr'>operis</span> <span class='ocrx_word' id='word_1_141' title='bbox 1128 1923 1254 1996; x_wconf 89' lang='lat' dir='ltr'>discedi,</span> <span class='ocrx_word' id='word_1_142' title='bbox 1269 1943 1359 2002; x_wconf 86' lang='lat' dir='ltr'>quam</span> 
     </span>
     <span class='ocr_line' id='line_1_18' title="bbox 252 2010 1360 2092; baseline 0.006 -22"><span class='ocrx_word' id='word_1_143' title='bbox 252 2028 320 2071; x_wconf 85' lang='lat' dir='ltr'>cum</span> <span class='ocrx_word' id='word_1_144' title='bbox 348 2012 435 2070; x_wconf 82' lang='lat' dir='ltr'>Auno</span> <span class='ocrx_word' id='word_1_145' title='bbox 462 2015 552 2076; x_wconf 74' lang='lat' dir='ltr'>lisa.</span> <span class='ocrx_word' id='word_1_146' title='bbox 575 2010 781 2090; x_wconf 75' lang='lat' dir='ltr'>publicassem,</span> <span class='ocrx_word' id='word_1_147' title='bbox 807 2013 886 2072; x_wconf 80' lang='lat' dir='ltr'>Acta</span> <span class='ocrx_word' id='word_1_148' title='bbox 907 2011 1102 2073; x_wconf 85' lang='lat' dir='ltr'>Eruditorum</span> <span class='ocrx_word' id='word_1_149' title='bbox 1124 2013 1302 2092; x_wconf 75' lang='lat' dir='ltr'>Lipsiensis,</span> <span class='ocrx_word' id='word_1_150' title='bbox 1327 2026 1360 2078; x_wconf 89' lang='lat' dir='ltr'>et</span> 
     </span>
     <span class='ocr_line' id='line_1_19' title="bbox 253 2103 1359 2183; baseline 0.007 -21"><span class='ocrx_word' id='word_1_151' title='bbox 253 2103 408 2164; x_wconf 87' lang='lat' dir='ltr'>Harlesius</span> <span class='ocrx_word' id='word_1_152' title='bbox 422 2105 458 2163; x_wconf 89' lang='lat' dir='ltr'>V.</span> <span class='ocrx_word' id='word_1_153' title='bbox 473 2105 509 2164; x_wconf 86' lang='lat' dir='ltr'>C.</span> <span class='ocrx_word' id='word_1_154' title='bbox 531 2105 560 2164; x_wconf 93' lang='lat' dir='ltr'>iu</span> <span class='ocrx_word' id='word_1_155' title='bbox 574 2105 664 2166; x_wconf 81' lang='lat' dir='ltr'>editae</span> <span class='ocrx_word' id='word_1_156' title='bbox 677 2124 697 2164; x_wconf 88' lang='lat' dir='ltr'>a</span> <span class='ocrx_word' id='word_1_157' title='bbox 710 2125 740 2165; x_wconf 91' lang='lat' dir='ltr'>se</span> <span class='ocrx_word' id='word_1_158' title='bbox 756 2105 996 2166; x_wconf 78' lang='lat' dir='ltr'>Demosthenicae</span> <span class='ocrx_word' id='word_1_159' title='bbox 1010 2124 1066 2183; x_wconf 88' lang='lat' dir='ltr'>pro</span> <span class='ocrx_word' id='word_1_160' title='bbox 1080 2125 1193 2166; x_wconf 89' lang='lat' dir='ltr'>corona</span> <span class='ocrx_word' id='word_1_161' title='bbox 1213 2107 1297 2168; x_wconf 88' lang='lat' dir='ltr'>calce</span> <span class='ocrx_word' id='word_1_162' title='bbox 1310 2128 1359 2171; x_wconf 86' lang='lat' dir='ltr'>re·</span> 
     </span>
     <span class='ocr_line' id='line_1_20' title="bbox 252 2195 1359 2275; baseline 0.007 -21"><span class='ocrx_word' id='word_1_163' title='bbox 252 2195 412 2274; x_wconf 89' lang='lat' dir='ltr'>petierunt.</span> <span class='ocrx_word' id='word_1_164' title='bbox 436 2197 536 2257; x_wconf 84' lang='lat' dir='ltr'>Facile</span> <span class='ocrx_word' id='word_1_165' title='bbox 547 2196 629 2258; x_wconf 91' lang='lat' dir='ltr'>dictu</span> <span class='ocrx_word' id='word_1_166' title='bbox 642 2217 701 2257; x_wconf 90' lang='lat' dir='ltr'>non</span> <span class='ocrx_word' id='word_1_167' title='bbox 718 2207 774 2268; x_wconf 90' lang='lat' dir='ltr'>est,</span> <span class='ocrx_word' id='word_1_168' title='bbox 789 2216 878 2275; x_wconf 83' lang='lat' dir='ltr'>quam</span> <span class='ocrx_word' id='word_1_169' title='bbox 889 2197 1015 2258; x_wconf 76' lang='lat' dir='ltr'>dirersoe</span> <span class='ocrx_word' id='word_1_170' title='bbox 1025 2217 1113 2258; x_wconf 80' lang='lat' dir='ltr'>voces</span> <span class='ocrx_word' id='word_1_171' title='bbox 1123 2196 1162 2258; x_wconf 92' lang='lat' dir='ltr'>de</span> <span class='ocrx_word' id='word_1_172' title='bbox 1175 2198 1359 2262; x_wconf 84' lang='lat' dir='ltr'>institutione</span> 
     </span>
     <span class='ocr_line' id='line_1_21' title="bbox 252 2286 1384 2368; baseline 0.005 -20"><span class='ocrx_word' id='word_1_173' title='bbox 252 2286 343 2366; x_wconf 75' lang='lat' dir='ltr'>huius</span> <span class='ocrx_word' id='word_1_174' title='bbox 366 2287 464 2368; x_wconf 84' lang='lat' dir='ltr'>operis</span> <span class='ocrx_word' id='word_1_175' title='bbox 490 2289 690 2350; x_wconf 80' lang='lat' dir='ltr'>diversissima</span> <span class='ocrx_word' id='word_1_176' title='bbox 707 2289 895 2350; x_wconf 79' lang='lat' dir='ltr'>sciscendum</span> <span class='ocrx_word' id='word_1_177' title='bbox 917 2289 956 2350; x_wconf 95' lang='lat' dir='ltr'>ad</span> <span class='ocrx_word' id='word_1_178' title='bbox 973 2309 1061 2350; x_wconf 89' lang='lat' dir='ltr'>aures</span> <span class='ocrx_word' id='word_1_179' title='bbox 1082 2308 1162 2351; x_wconf 77' lang='lat' dir='ltr'>neas</span> <span class='ocrx_word' id='word_1_180' title='bbox 1181 2290 1356 2354; x_wconf 81' lang='lat' dir='ltr'>allabantur.</span> <span class='ocrx_word' id='word_1_181' title='bbox 1380 2301 1384 2308; x_wconf 87' lang='lat'>&#39;</span> 
     </span>
     <span class='ocr_line' id='line_1_22' title="bbox 253 2379 1359 2464; baseline 0.005 -24"><span class='ocrx_word' id='word_1_182' title='bbox 253 2379 371 2451; x_wconf 86' lang='lat' dir='ltr'>Quibus</span> <span class='ocrx_word' id='word_1_183' title='bbox 393 2381 528 2444; x_wconf 86' lang='lat' dir='ltr'>omnibus</span> <span class='ocrx_word' id='word_1_184' title='bbox 548 2381 728 2456; x_wconf 84' lang='lat' dir='ltr'>satisfacere,</span> <span class='ocrx_word' id='word_1_185' title='bbox 749 2383 897 2444; x_wconf 88' lang='lat' dir='ltr'>contraria</span> <span class='ocrx_word' id='word_1_186' title='bbox 916 2383 994 2443; x_wconf 87' lang='lat' dir='ltr'>iuter</span> <span class='ocrx_word' id='word_1_187' title='bbox 1011 2403 1044 2442; x_wconf 87' lang='lat' dir='ltr'>se</span> <span class='ocrx_word' id='word_1_188' title='bbox 1064 2380 1277 2464; x_wconf 79' lang='lat' dir='ltr'>flagitantibus,</span> <span class='ocrx_word' id='word_1_189' title='bbox 1290 2404 1359 2446; x_wconf 86' lang='lat' dir='ltr'>curn</span> 
     </span>
    </p>
   </div>
   <div class='ocr_carea' id='block_1_3' title="bbox 153 2474 1358 2554">
    <p class='ocr_par' dir='ltr' id='par_1_3' title="bbox 153 2474 1358 2554">
     <span class='ocr_line' id='line_1_23' title="bbox 153 2474 1358 2554; baseline 0 -20"><span class='ocrx_word' id='word_1_190' title='bbox 153 2533 162 2540; x_wconf 78' lang='grc'>,</span> <span class='ocrx_word' id='word_1_191' title='bbox 254 2483 391 2554; x_wconf 85' lang='lat' dir='ltr'>negatum</span> <span class='ocrx_word' id='word_1_192' title='bbox 408 2483 496 2548; x_wconf 87' lang='lat' dir='ltr'>esset,</span> <span class='ocrx_word' id='word_1_193' title='bbox 512 2474 605 2534; x_wconf 88' lang='lat' dir='ltr'>visum</span> <span class='ocrx_word' id='word_1_194' title='bbox 619 2485 665 2536; x_wconf 85' lang='lat' dir='ltr'>est</span> <span class='ocrx_word' id='word_1_195' title='bbox 680 2475 710 2535; x_wconf 90' lang='lat' dir='ltr'>in</span> <span class='ocrx_word' id='word_1_196' title='bbox 725 2494 814 2536; x_wconf 86' lang='lat' dir='ltr'>sensu</span> <span class='ocrx_word' id='word_1_197' title='bbox 828 2495 894 2534; x_wconf 90' lang='lat' dir='ltr'>meo</span> <span class='ocrx_word' id='word_1_198' title='bbox 908 2475 1112 2552; x_wconf 74' lang='lat' dir='ltr'>acquiescere,</span> <span class='ocrx_word' id='word_1_199' title='bbox 1126 2475 1230 2536; x_wconf 89' lang='lat' dir='ltr'>euisic</span> <span class='ocrx_word' id='word_1_200' title='bbox 1239 2475 1358 2554; x_wconf 85' lang='lat' dir='ltr'>agendi,</span> 
     </span>
    </p>
   </div>
   <div class='ocr_carea' id='block_1_4' title="bbox 254 2567 1362 3666">
    <p class='ocr_par' dir='ltr' id='par_1_4' title="bbox 254 2567 1362 3666">
     <span class='ocr_line' id='line_1_24' title="bbox 254 2567 1359 2647; baseline 0.004 -21"><span class='ocrx_word' id='word_1_201' title='bbox 254 2577 288 2626; x_wconf 91' lang='lat' dir='ltr'>nt</span> <span class='ocrx_word' id='word_1_202' title='bbox 302 2569 349 2646; x_wconf 88' lang='lat' dir='ltr'>egi</span> <span class='ocrx_word' id='word_1_203' title='bbox 362 2578 393 2629; x_wconf 91' lang='lat' dir='ltr'>et</span> <span class='ocrx_word' id='word_1_204' title='bbox 406 2586 489 2646; x_wconf 87' lang='lat' dir='ltr'>agam</span> <span class='ocrx_word' id='word_1_205' title='bbox 505 2586 605 2646; x_wconf 87' lang='lat' dir='ltr'>porro,</span> <span class='ocrx_word' id='word_1_206' title='bbox 619 2567 744 2627; x_wconf 87' lang='lat' dir='ltr'>rationes</span> <span class='ocrx_word' id='word_1_207' title='bbox 759 2569 829 2626; x_wconf 86' lang='lat' dir='ltr'>s&#39;unt</span> <span class='ocrx_word' id='word_1_208' title='bbox 841 2567 1027 2646; x_wconf 70' lang='lat' dir='ltr'>gravissimu.</span> <span class='ocrx_word' id='word_1_209' title='bbox 1062 2569 1141 2628; x_wconf 86' lang='lat' dir='ltr'>Cum</span> <span class='ocrx_word' id='word_1_210' title='bbox 1153 2577 1286 2647; x_wconf 86' lang='lat' dir='ltr'>tempore</span> <span class='ocrx_word' id='word_1_211' title='bbox 1295 2587 1359 2630; x_wconf 85' lang='lat' dir='ltr'>om·</span> 
     </span>
     <span class='ocr_line' id='line_1_25' title="bbox 255 2659 1359 2740; baseline 0.002 -22"><span class='ocrx_word' id='word_1_212' title='bbox 255 2660 351 2734; x_wconf 90' lang='lat' dir='ltr'>nibus,</span> <span class='ocrx_word' id='word_1_213' title='bbox 367 2661 391 2720; x_wconf 90' lang='lat' dir='ltr'>si</span> <span class='ocrx_word' id='word_1_214' title='bbox 404 2669 575 2738; x_wconf 84' lang='lat' dir='ltr'>exspectare</span> <span class='ocrx_word' id='word_1_215' title='bbox 589 2659 758 2731; x_wconf 84' lang='lat' dir='ltr'>didicerint,</span> <span class='ocrx_word' id='word_1_216' title='bbox 772 2659 907 2721; x_wconf 82' lang='lat' dir='ltr'>satisfiet.</span> <span class='ocrx_word' id='word_1_217' title='bbox 949 2665 1136 2740; x_wconf 83' lang='lat' dir='ltr'>Apparatum</span> <span class='ocrx_word' id='word_1_218' title='bbox 1150 2660 1359 2737; x_wconf 76' lang='lat' dir='ltr'>Demostheni·</span> 
     </span>
     <span class='ocr_line' id='line_1_26' title="bbox 254 2753 1360 2832; baseline 0.002 -20"><span class='ocrx_word' id='word_1_219' title='bbox 254 2771 321 2814; x_wconf 90' lang='lat' dir='ltr'>cum</span> <span class='ocrx_word' id='word_1_220' title='bbox 337 2756 389 2832; x_wconf 90' lang='lat' dir='ltr'>qul</span> <span class='ocrx_word' id='word_1_221' title='bbox 399 2753 463 2830; x_wconf 91' lang='lat' dir='ltr'>jam</span> <span class='ocrx_word' id='word_1_222' title='bbox 478 2771 557 2812; x_wconf 88' lang='lat' dir='ltr'>nune</span> <span class='ocrx_word' id='word_1_223' title='bbox 571 2763 709 2831; x_wconf 86' lang='lat' dir='ltr'>poscunt,</span> <span class='ocrx_word' id='word_1_224' title='bbox 724 2773 770 2812; x_wconf 79' lang='lat' dir='ltr'>nae</span> <span class='ocrx_word' id='word_1_225' title='bbox 785 2761 838 2812; x_wconf 90' lang='lat' dir='ltr'>ant</span> <span class='ocrx_word' id='word_1_226' title='bbox 854 2753 992 2814; x_wconf 84' lang='lat' dir='ltr'>nesciunt</span> <span class='ocrx_word' id='word_1_227' title='bbox 1005 2754 1046 2825; x_wconf 91' lang='lat' dir='ltr'>hi,</span> <span class='ocrx_word' id='word_1_228' title='bbox 1064 2762 1117 2816; x_wconf 87' lang='lat' dir='ltr'>aut</span> <span class='ocrx_word' id='word_1_229' title='bbox 1138 2772 1198 2813; x_wconf 87' lang='lat' dir='ltr'>nos</span> <span class='ocrx_word' id='word_1_230' title='bbox 1216 2753 1360 2832; x_wconf 81' lang='lat' dir='ltr'>cogitant,</span> 
     </span>
     <span class='ocr_line' id='line_1_27' title="bbox 255 2844 1360 2925; baseline 0.003 -19"><span class='ocrx_word' id='word_1_231' title='bbox 255 2855 367 2925; x_wconf 88' lang='lat' dir='ltr'>quanto</span> <span class='ocrx_word' id='word_1_232' title='bbox 388 2853 505 2906; x_wconf 87' lang='lat' dir='ltr'>constet</span> <span class='ocrx_word' id='word_1_233' title='bbox 525 2844 599 2916; x_wconf 92' lang='lat' dir='ltr'>otio,</span> <span class='ocrx_word' id='word_1_234' title='bbox 621 2853 734 2924; x_wconf 86' lang='lat' dir='ltr'>quantu</span> <span class='ocrx_word' id='word_1_235' title='bbox 754 2863 857 2925; x_wconf 87' lang='lat' dir='ltr'>opera,</span> <span class='ocrx_word' id='word_1_236' title='bbox 879 2845 1009 2924; x_wconf 73' lang='lat' dir='ltr'>digestio</span> <span class='ocrx_word' id='word_1_237' title='bbox 1029 2845 1111 2906; x_wconf 74' lang='lat' dir='ltr'>silves</span> <span class='ocrx_word' id='word_1_238' title='bbox 1125 2845 1312 2921; x_wconf 75' lang='lat' dir='ltr'>rarimtium,</span> <span class='ocrx_word' id='word_1_239' title='bbox 1326 2855 1360 2909; x_wconf 87' lang='lat' dir='ltr'>et</span> 
     </span>
     <span class='ocr_line' id='line_1_28' title="bbox 255 2937 1361 3016; baseline -0.002 -17"><span class='ocrx_word' id='word_1_240' title='bbox 255 2938 489 3010; x_wconf 87' lang='lat' dir='ltr'>annotationum,</span> <span class='ocrx_word' id='word_1_241' title='bbox 505 2957 593 3016; x_wconf 88' lang='lat' dir='ltr'>quam</span> <span class='ocrx_word' id='word_1_242' title='bbox 607 2957 675 3000; x_wconf 89' lang='lat' dir='ltr'>cum</span> <span class='ocrx_word' id='word_1_243' title='bbox 687 2937 764 2998; x_wconf 84' lang='lat' dir='ltr'>&#39;olim</span> <span class='ocrx_word' id='word_1_244' title='bbox 784 2937 823 2998; x_wconf 88' lang='lat' dir='ltr'>ad</span> <span class='ocrx_word' id='word_1_245' title='bbox 837 2938 959 3016; x_wconf 82' lang='lat' dir='ltr'>paginas</span> <span class='ocrx_word' id='word_1_246' title='bbox 972 2947 1004 2999; x_wconf 90' lang='lat' dir='ltr'>et</span> <span class='ocrx_word' id='word_1_247' title='bbox 1015 2957 1115 2999; x_wconf 86' lang='lat' dir='ltr'>versus</span> <span class='ocrx_word' id='word_1_248' title='bbox 1127 2937 1267 3000; x_wconf 85' lang='lat' dir='ltr'>editionis</span> <span class='ocrx_word' id='word_1_249' title='bbox 1281 2937 1361 2998; x_wconf 84' lang='lat' dir='ltr'>Pari-</span> 
     </span>
     <span class='ocr_line' id='line_1_29' title="bbox 255 3029 1361 3108; baseline -0.002 -17"><span class='ocrx_word' id='word_1_250' title='bbox 255 3031 328 3092; x_wconf 81' lang='lat' dir='ltr'>siuoe</span> <span class='ocrx_word' id='word_1_251' title='bbox 342 3031 517 3108; x_wconf 85' lang='lat' dir='ltr'>alligassem,</span> <span class='ocrx_word' id='word_1_252' title='bbox 532 3049 611 3091; x_wconf 88' lang='lat' dir='ltr'>nnnc</span> <span class='ocrx_word' id='word_1_253' title='bbox 624 3029 663 3090; x_wconf 89' lang='lat' dir='ltr'>ad</span> <span class='ocrx_word' id='word_1_254' title='bbox 677 3031 843 3108; x_wconf 79' lang='lat' dir='ltr'>paginarat</span> <span class='ocrx_word' id='word_1_255' title='bbox 855 3049 956 3090; x_wconf 85' lang='lat' dir='ltr'>versus</span> <span class='ocrx_word' id='word_1_256' title='bbox 969 3030 1108 3092; x_wconf 85' lang='lat' dir='ltr'>editionis</span> <span class='ocrx_word' id='word_1_257' title='bbox 1121 3051 1196 3092; x_wconf 75' lang='lat' dir='ltr'>mem</span> <span class='ocrx_word' id='word_1_258' title='bbox 1209 3049 1245 3091; x_wconf 88' lang='lat' dir='ltr'>ea</span> <span class='ocrx_word' id='word_1_259' title='bbox 1258 3038 1304 3090; x_wconf 89' lang='lat' dir='ltr'>est</span> <span class='ocrx_word' id='word_1_260' title='bbox 1314 3048 1361 3089; x_wconf 88' lang='lat' dir='ltr'>re·</span> 
     </span>
     <span class='ocr_line' id='line_1_30' title="bbox 257 3120 1360 3202; baseline -0.002 -18"><span class='ocrx_word' id='word_1_261' title='bbox 257 3122 423 3184; x_wconf 84' lang='lat' dir='ltr'>formanda.</span> <span class='ocrx_word' id='word_1_262' title='bbox 454 3120 489 3179; x_wconf 93' lang='lat' dir='ltr'>ln</span> <span class='ocrx_word' id='word_1_263' title='bbox 503 3131 567 3182; x_wconf 88' lang='lat' dir='ltr'>tota</span> <span class='ocrx_word' id='word_1_264' title='bbox 580 3121 629 3182; x_wconf 85' lang='lat' dir='ltr'>illa</span> <span class='ocrx_word' id='word_1_265' title='bbox 642 3133 738 3200; x_wconf 90' lang='lat' dir='ltr'>parte,</span> <span class='ocrx_word' id='word_1_266' title='bbox 754 3140 843 3200; x_wconf 88' lang='lat' dir='ltr'>quam</span> <span class='ocrx_word' id='word_1_267' title='bbox 857 3122 968 3202; x_wconf 80' lang='lat' dir='ltr'>Taylor</span> <span class='ocrx_word' id='word_1_268' title='bbox 978 3143 1040 3184; x_wconf 87' lang='lat' dir='ltr'>non</span> <span class='ocrx_word' id='word_1_269' title='bbox 1053 3123 1157 3195; x_wconf 87' lang='lat' dir='ltr'>edidit,</span> <span class='ocrx_word' id='word_1_270' title='bbox 1171 3131 1203 3182; x_wconf 88' lang='lat' dir='ltr'>et</span> <span class='ocrx_word' id='word_1_271' title='bbox 1214 3122 1254 3182; x_wconf 91' lang='lat' dir='ltr'>ad</span> <span class='ocrx_word' id='word_1_272' title='bbox 1269 3141 1360 3201; x_wconf 84' lang='lat' dir='ltr'>quam</span> 
     </span>
     <span class='ocr_line' id='line_1_31' title="bbox 255 3213 1359 3298; baseline -0.003 -21"><span class='ocrx_word' id='word_1_273' title='bbox 255 3237 371 3298; x_wconf 81' lang='lat' dir='ltr'>parum,</span> <span class='ocrx_word' id='word_1_274' title='bbox 381 3225 433 3276; x_wconf 90' lang='lat' dir='ltr'>aut</span> <span class='ocrx_word' id='word_1_275' title='bbox 446 3213 529 3290; x_wconf 87' lang='lat' dir='ltr'>nihil,</span> <span class='ocrx_word' id='word_1_276' title='bbox 543 3215 583 3276; x_wconf 92' lang='lat' dir='ltr'>ab</span> <span class='ocrx_word' id='word_1_277' title='bbox 598 3233 634 3276; x_wconf 94' lang='lat' dir='ltr'>eo</span> <span class='ocrx_word' id='word_1_278' title='bbox 648 3215 679 3276; x_wconf 92' lang='lat' dir='ltr'>in</span> <span class='ocrx_word' id='word_1_279' title='bbox 693 3216 811 3277; x_wconf 85' lang='lat' dir='ltr'>schedis</span> <span class='ocrx_word' id='word_1_280' title='bbox 824 3214 862 3275; x_wconf 91' lang='lat' dir='ltr'>ad</span> <span class='ocrx_word' id='word_1_281' title='bbox 878 3235 925 3276; x_wconf 88' lang='lat' dir='ltr'>me</span> <span class='ocrx_word' id='word_1_282' title='bbox 938 3217 1035 3278; x_wconf 84' lang='lat' dir='ltr'>missis</span> <span class='ocrx_word' id='word_1_283' title='bbox 1048 3217 1209 3279; x_wconf 86' lang='lat' dir='ltr'>collectum</span> <span class='ocrx_word' id='word_1_284' title='bbox 1229 3213 1359 3292; x_wconf 86' lang='lat' dir='ltr'>reperio,</span> 
     </span>
     <span class='ocr_line' id='line_1_32' title="bbox 257 3306 1360 3370; baseline -0.003 -1"><span class='ocrx_word' id='word_1_285' title='bbox 257 3307 411 3370; x_wconf 82' lang='lat' dir='ltr'>Wolfianee</span> <span class='ocrx_word' id='word_1_286' title='bbox 430 3307 639 3368; x_wconf 84' lang='lat' dir='ltr'>annotationes</span> <span class='ocrx_word' id='word_1_287' title='bbox 662 3326 763 3367; x_wconf 88' lang='lat' dir='ltr'>omnes</span> <span class='ocrx_word' id='word_1_288' title='bbox 786 3306 859 3367; x_wconf 89' lang='lat' dir='ltr'>meis</span> <span class='ocrx_word' id='word_1_289' title='bbox 883 3309 1018 3368; x_wconf 89' lang='lat' dir='ltr'>manibus</span> <span class='ocrx_word' id='word_1_290' title='bbox 1038 3306 1245 3368; x_wconf 83' lang='lat' dir='ltr'>exscribendoe</span> <span class='ocrx_word' id='word_1_291' title='bbox 1268 3315 1299 3368; x_wconf 91' lang='lat' dir='ltr'>et</span> <span class='ocrx_word' id='word_1_292' title='bbox 1320 3306 1360 3367; x_wconf 89' lang='lat' dir='ltr'>ad</span> 
     </span>
     <span class='ocr_line' id='line_1_33' title="bbox 256 3398 1361 3480; baseline -0.004 -17"><span class='ocrx_word' id='word_1_293' title='bbox 256 3403 340 3463; x_wconf 89' lang='lat' dir='ltr'>locos</span> <span class='ocrx_word' id='word_1_294' title='bbox 362 3419 488 3480; x_wconf 75' lang='lat' dir='ltr'>qumque</span> <span class='ocrx_word' id='word_1_295' title='bbox 510 3418 578 3460; x_wconf 89' lang='lat' dir='ltr'>suos</span> <span class='ocrx_word' id='word_1_296' title='bbox 599 3399 770 3472; x_wconf 74' lang='lat' dir='ltr'>referendae,</span> <span class='ocrx_word' id='word_1_297' title='bbox 786 3401 919 3477; x_wconf 89' lang='lat' dir='ltr'>meisque</span> <span class='ocrx_word' id='word_1_298' title='bbox 938 3400 1106 3460; x_wconf 81' lang='lat' dir='ltr'>intexendae</span> <span class='ocrx_word' id='word_1_299' title='bbox 1121 3408 1200 3461; x_wconf 88' lang='lat' dir='ltr'>sunt.</span> <span class='ocrx_word' id='word_1_300' title='bbox 1241 3398 1361 3459; x_wconf 87' lang='lat' dir='ltr'>ludices</span> 
     </span>
     <span class='ocr_line' id='line_1_34' title="bbox 257 3484 1360 3570; baseline 0 -17"><span class='ocrx_word' id='word_1_301' title='bbox 257 3494 327 3554; x_wconf 91' lang='lat' dir='ltr'>olim</span> <span class='ocrx_word' id='word_1_302' title='bbox 347 3493 452 3564; x_wconf 82' lang='lat' dir='ltr'>suctos,</span> <span class='ocrx_word' id='word_1_303' title='bbox 472 3501 502 3551; x_wconf 84' lang='lat' dir='ltr'>et</span> <span class='ocrx_word' id='word_1_304' title='bbox 515 3491 554 3552; x_wconf 91' lang='lat' dir='ltr'>ad</span> <span class='ocrx_word' id='word_1_305' title='bbox 570 3491 730 3551; x_wconf 88' lang='lat' dir='ltr'>Parisinam</span> <span class='ocrx_word' id='word_1_306' title='bbox 745 3491 936 3568; x_wconf 88' lang='lat' dir='ltr'>compositos,</span> <span class='ocrx_word' id='word_1_307' title='bbox 949 3484 1036 3552; x_wconf 82' lang='lat' dir='ltr'>video</span> <span class='ocrx_word' id='word_1_308' title='bbox 1057 3511 1137 3552; x_wconf 87' lang='lat' dir='ltr'>nune</span> <span class='ocrx_word' id='word_1_309' title='bbox 1148 3490 1272 3570; x_wconf 88' lang='lat' dir='ltr'>jejunos</span> <span class='ocrx_word' id='word_1_310' title='bbox 1284 3509 1360 3553; x_wconf 80' lang='lat' dir='ltr'>esse.</span> 
     </span>
     <span class='ocr_line' id='line_1_35' title="bbox 258 3577 1362 3666; baseline -0.002 -19"><span class='ocrx_word' id='word_1_311' title='bbox 258 3595 441 3666; x_wconf 87' lang='lat' dir='ltr'>quapropter</span> <span class='ocrx_word' id='word_1_312' title='bbox 455 3583 523 3644; x_wconf 84' lang='lat' dir='ltr'>nori</span> <span class='ocrx_word' id='word_1_313' title='bbox 538 3585 576 3646; x_wconf 92' lang='lat' dir='ltr'>de</span> <span class='ocrx_word' id='word_1_314' title='bbox 596 3585 712 3662; x_wconf 89' lang='lat' dir='ltr'>integro</span> <span class='ocrx_word' id='word_1_315' title='bbox 730 3583 878 3644; x_wconf 88' lang='lat' dir='ltr'>condendi</span> <span class='ocrx_word' id='word_1_316' title='bbox 897 3593 976 3656; x_wconf 91' lang='lat' dir='ltr'>sunt,</span> <span class='ocrx_word' id='word_1_317' title='bbox 994 3583 1034 3644; x_wconf 88' lang='lat' dir='ltr'>ad</span> <span class='ocrx_word' id='word_1_318' title='bbox 1055 3603 1143 3644; x_wconf 81' lang='lat' dir='ltr'>noste</span> <span class='ocrx_word' id='word_1_319' title='bbox 1155 3577 1293 3644; x_wconf 75' lang='lat' dir='ltr'>editionis</span> <span class='ocrx_word' id='word_1_320' title='bbox 1306 3603 1362 3662; x_wconf 87' lang='lat' dir='ltr'>pa-</span> 
     </span>
    </p>
   </div>
   <div class='ocr_carea' id='block_1_5' title="bbox 133 3675 1361 3758">
    <p class='ocr_par' dir='ltr' id='par_1_5' title="bbox 133 3675 1361 3758">
     <span class='ocr_line' id='line_1_36' title="bbox 133 3675 1361 3758; baseline 0.002 -26"><span class='ocrx_word' id='word_1_321' title='bbox 133 3724 139 3732; x_wconf 93' lang='lat'>.</span> <span class='ocrx_word' id='word_1_322' title='bbox 258 3681 341 3758; x_wconf 82' lang='lat' dir='ltr'>ginas</span> <span class='ocrx_word' id='word_1_323' title='bbox 364 3686 394 3737; x_wconf 92' lang='lat' dir='ltr'>et</span> <span class='ocrx_word' id='word_1_324' title='bbox 415 3695 516 3736; x_wconf 80' lang='lat' dir='ltr'>versus</span> <span class='ocrx_word' id='word_1_325' title='bbox 536 3675 722 3738; x_wconf 86' lang='lat' dir='ltr'>conformati.</span> <span class='ocrx_word' id='word_1_326' title='bbox 765 3676 903 3736; x_wconf 84' lang='lat' dir='ltr'>Accessit</span> <span class='ocrx_word' id='word_1_327' title='bbox 917 3694 1009 3736; x_wconf 86' lang='lat' dir='ltr'>novus</span> <span class='ocrx_word' id='word_1_328' title='bbox 1021 3676 1106 3737; x_wconf 86' lang='lat' dir='ltr'>labor</span> <span class='ocrx_word' id='word_1_329' title='bbox 1118 3695 1138 3737; x_wconf 87' lang='lat' dir='ltr'>a</span> <span class='ocrx_word' id='word_1_330' title='bbox 1150 3676 1269 3737; x_wconf 86' lang='lat' dir='ltr'>schedis</span> <span class='ocrx_word' id='word_1_331' title='bbox 1282 3675 1361 3756; x_wconf 81' lang='lat' dir='ltr'>Tay-</span> 
     </span>
    </p>
   </div>
   <div class='ocr_carea' id='block_1_6' title="bbox 255 3767 1370 4596">
    <p class='ocr_par' dir='ltr' id='par_1_6' title="bbox 255 3767 1370 4596">
     <span class='ocr_line' id='line_1_37' title="bbox 256 3767 1359 3848; baseline -0.004 -16"><span class='ocrx_word' id='word_1_332' title='bbox 256 3772 312 3831; x_wconf 93' lang='lat' dir='ltr'>lori</span> <span class='ocrx_word' id='word_1_333' title='bbox 327 3787 421 3848; x_wconf 91' lang='lat' dir='ltr'>nuper</span> <span class='ocrx_word' id='word_1_334' title='bbox 433 3769 473 3829; x_wconf 90' lang='lat' dir='ltr'>ad</span> <span class='ocrx_word' id='word_1_335' title='bbox 487 3787 534 3828; x_wconf 84' lang='lat' dir='ltr'>me</span> <span class='ocrx_word' id='word_1_336' title='bbox 549 3768 663 3841; x_wconf 79' lang='lat' dir='ltr'>missis3</span> <span class='ocrx_word' id='word_1_337' title='bbox 685 3768 715 3827; x_wconf 91' lang='lat' dir='ltr'>in</span> <span class='ocrx_word' id='word_1_338' title='bbox 730 3767 839 3847; x_wconf 91' lang='lat' dir='ltr'>quibus</span> <span class='ocrx_word' id='word_1_339' title='bbox 852 3767 967 3829; x_wconf 83' lang='lat' dir='ltr'>etiamsi</span> <span class='ocrx_word' id='word_1_340' title='bbox 980 3769 1049 3830; x_wconf 86' lang='lat' dir='ltr'>nosl</span> <span class='ocrx_word' id='word_1_341' title='bbox 1062 3769 1136 3829; x_wconf 87' lang='lat' dir='ltr'>nihil</span> <span class='ocrx_word' id='word_1_342' title='bbox 1149 3769 1305 3848; x_wconf 86' lang='lat' dir='ltr'>reperiam,</span> <span class='ocrx_word' id='word_1_343' title='bbox 1319 3767 1359 3828; x_wconf 88' lang='lat' dir='ltr'>de</span> 
     </span>
     <span class='ocr_line' id='line_1_38' title="bbox 259 3859 1363 3944; baseline -0.004 -20"><span class='ocrx_word' id='word_1_344' title='bbox 259 3884 320 3944; x_wconf 89' lang='lat' dir='ltr'>quo</span> <span class='ocrx_word' id='word_1_345' title='bbox 333 3881 412 3924; x_wconf 88' lang='lat' dir='ltr'>nunc</span> <span class='ocrx_word' id='word_1_346' title='bbox 423 3859 592 3922; x_wconf 88' lang='lat' dir='ltr'>adhucdum</span> <span class='ocrx_word' id='word_1_347' title='bbox 601 3861 632 3922; x_wconf 89' lang='lat' dir='ltr'>iu</span> <span class='ocrx_word' id='word_1_348' title='bbox 644 3869 775 3922; x_wconf 89' lang='lat' dir='ltr'>neutram</span> <span class='ocrx_word' id='word_1_349' title='bbox 786 3869 904 3940; x_wconf 88' lang='lat' dir='ltr'>partem</span> <span class='ocrx_word' id='word_1_350' title='bbox 914 3861 1109 3941; x_wconf 85' lang='lat' dir='ltr'>pronunciare</span> <span class='ocrx_word' id='word_1_351' title='bbox 1118 3879 1363 3940; x_wconf 62' lang='lat' dir='ltr'>possumusque</span> 
     </span>
     <span class='ocr_line' id='line_1_39' title="bbox 258 3952 1362 4033; baseline -0.005 -14"><span class='ocrx_word' id='word_1_352' title='bbox 258 3955 336 4019; x_wconf 88' lang='lat' dir='ltr'>enim</span> <span class='ocrx_word' id='word_1_353' title='bbox 351 3953 446 4015; x_wconf 87' lang='lat' dir='ltr'>otium</span> <span class='ocrx_word' id='word_1_354' title='bbox 459 3953 602 4033; x_wconf 88' lang='lat' dir='ltr'>suppetiit</span> <span class='ocrx_word' id='word_1_355' title='bbox 619 3952 814 4027; x_wconf 85' lang='lat' dir='ltr'>examinandi,</span> <span class='ocrx_word' id='word_1_356' title='bbox 827 3953 1009 4031; x_wconf 77' lang='lat' dir='ltr'>thesaurum,</span> <span class='ocrx_word' id='word_1_357' title='bbox 1024 3973 1064 4014; x_wconf 90' lang='lat' dir='ltr'>au</span> <span class='ocrx_word' id='word_1_358' title='bbox 1077 3953 1222 4017; x_wconf 86' lang='lat' dir='ltr'>carbones</span> <span class='ocrx_word' id='word_1_359' title='bbox 1241 3972 1362 4033; x_wconf 88' lang='lat' dir='ltr'>repere-</span> 
     </span>
     <span class='ocr_line' id='line_1_40' title="bbox 259 4045 1362 4130; baseline -0.003 -21"><span class='ocrx_word' id='word_1_360' title='bbox 259 4049 325 4130; x_wconf 82' lang='lat' dir='ltr'>rim,</span> <span class='ocrx_word' id='word_1_361' title='bbox 340 4045 465 4126; x_wconf 76' lang='lat' dir='ltr'>singulm</span> <span class='ocrx_word' id='word_1_362' title='bbox 479 4057 579 4108; x_wconf 87' lang='lat' dir='ltr'>tamen</span> <span class='ocrx_word' id='word_1_363' title='bbox 599 4066 727 4126; x_wconf 84' lang='lat' dir='ltr'>quaeque</span> <span class='ocrx_word' id='word_1_364' title='bbox 746 4047 953 4108; x_wconf 87' lang='lat' dir='ltr'>annotationes</span> <span class='ocrx_word' id='word_1_365' title='bbox 970 4045 1026 4106; x_wconf 91' lang='lat' dir='ltr'>illis</span> <span class='ocrx_word' id='word_1_366' title='bbox 1047 4045 1078 4106; x_wconf 95' lang='lat' dir='ltr'>in</span> <span class='ocrx_word' id='word_1_367' title='bbox 1099 4046 1219 4107; x_wconf 87' lang='lat' dir='ltr'>schedis</span> <span class='ocrx_word' id='word_1_368' title='bbox 1241 4045 1362 4124; x_wconf 78' lang='lat' dir='ltr'>seriptoe</span> 
     </span>
     <span class='ocr_line' id='line_1_41' title="bbox 259 4137 1370 4224; baseline 0.002 -24"><span class='ocrx_word' id='word_1_369' title='bbox 259 4138 446 4224; x_wconf 81' lang='lat' dir='ltr'>pensitaudoe</span> <span class='ocrx_word' id='word_1_370' title='bbox 465 4148 545 4213; x_wconf 90' lang='lat' dir='ltr'>sunt,</span> <span class='ocrx_word' id='word_1_371' title='bbox 569 4139 653 4200; x_wconf 84' lang='lat' dir='ltr'>sedes</span> <span class='ocrx_word' id='word_1_372' title='bbox 675 4157 773 4202; x_wconf 84' lang='lat' dir='ltr'>earum</span> <span class='ocrx_word' id='word_1_373' title='bbox 793 4139 1016 4218; x_wconf 77' lang='lat' dir='ltr'>investigandae,</span> <span class='ocrx_word' id='word_1_374' title='bbox 1039 4139 1244 4217; x_wconf 78' lang='lat' dir='ltr'>quaerendum,</span> <span class='ocrx_word' id='word_1_375' title='bbox 1265 4137 1370 4203; x_wconf 83' lang='lat' dir='ltr'>sintne.</span> 
     </span>
     <span class='ocr_line' id='line_1_42' title="bbox 255 4231 1361 4313; baseline -0.003 -18"><span class='ocrx_word' id='word_1_376' title='bbox 255 4235 321 4312; x_wconf 89' lang='lat' dir='ltr'>jam</span> <span class='ocrx_word' id='word_1_377' title='bbox 339 4233 379 4294; x_wconf 90' lang='lat' dir='ltr'>ab</span> <span class='ocrx_word' id='word_1_378' title='bbox 393 4233 458 4312; x_wconf 89' lang='lat' dir='ltr'>ipso</span> <span class='ocrx_word' id='word_1_379' title='bbox 471 4232 603 4310; x_wconf 86' lang='lat' dir='ltr'>Tayloro</span> <span class='ocrx_word' id='word_1_380' title='bbox 624 4231 761 4313; x_wconf 73' lang='lat' dir='ltr'>proditae,</span> <span class='ocrx_word' id='word_1_381' title='bbox 776 4252 833 4294; x_wconf 88' lang='lat' dir='ltr'>nec</span> <span class='ocrx_word' id='word_1_382' title='bbox 847 4253 895 4294; x_wconf 90' lang='lat' dir='ltr'>ne.</span> <span class='ocrx_word' id='word_1_383' title='bbox 916 4232 1042 4312; x_wconf 88' lang='lat' dir='ltr'>Spissius</span> <span class='ocrx_word' id='word_1_384' title='bbox 1053 4241 1100 4292; x_wconf 90' lang='lat' dir='ltr'>est</span> <span class='ocrx_word' id='word_1_385' title='bbox 1112 4252 1187 4312; x_wconf 87' lang='lat' dir='ltr'>opus</span> <span class='ocrx_word' id='word_1_386' title='bbox 1200 4232 1361 4312; x_wconf 87' lang='lat' dir='ltr'>agendum,</span> 
     </span>
     <span class='ocr_line' id='line_1_43' title="bbox 260 4324 1360 4410; baseline 0 -22"><span class='ocrx_word' id='word_1_387' title='bbox 260 4349 349 4410; x_wconf 85' lang='lat' dir='ltr'>quum</span> <span class='ocrx_word' id='word_1_388' title='bbox 365 4325 447 4405; x_wconf 90' lang='lat' dir='ltr'>quod</span> <span class='ocrx_word' id='word_1_389' title='bbox 468 4336 529 4386; x_wconf 89' lang='lat' dir='ltr'>tam</span> <span class='ocrx_word' id='word_1_390' title='bbox 550 4325 611 4388; x_wconf 90' lang='lat' dir='ltr'>cito</span> <span class='ocrx_word' id='word_1_391' title='bbox 633 4327 929 4408; x_wconf 84' lang='lat' dir='ltr'>expediatur,·atque</span> <span class='ocrx_word' id='word_1_392' title='bbox 947 4324 1094 4388; x_wconf 88' lang='lat' dir='ltr'>somniant</span> <span class='ocrx_word' id='word_1_393' title='bbox 1111 4327 1239 4408; x_wconf 90' lang='lat' dir='ltr'>imperiti</span> <span class='ocrx_word' id='word_1_394' title='bbox 1253 4346 1360 4401; x_wconf 86' lang='lat' dir='ltr'>rerum,</span> 
     </span>
     <span class='ocr_line' id='line_1_44' title="bbox 261 4419 1363 4504; baseline -0.005 -20"><span class='ocrx_word' id='word_1_395' title='bbox 261 4423 314 4504; x_wconf 85' lang='lat' dir='ltr'>qui</span> <span class='ocrx_word' id='word_1_396' title='bbox 328 4421 419 4482; x_wconf 90' lang='lat' dir='ltr'>simile</span> <span class='ocrx_word' id='word_1_397' title='bbox 432 4419 515 4500; x_wconf 88' lang='lat' dir='ltr'>quod</span> <span class='ocrx_word' id='word_1_398' title='bbox 529 4423 679 4500; x_wconf 81' lang='lat' dir='ltr'>negotium</span> <span class='ocrx_word' id='word_1_399' title='bbox 693 4441 845 4500; x_wconf 87' lang='lat' dir='ltr'>nunquam</span> <span class='ocrx_word' id='word_1_400' title='bbox 859 4431 1033 4484; x_wconf 86' lang='lat' dir='ltr'>tractarunt.</span> <span class='ocrx_word' id='word_1_401' title='bbox 1073 4423 1142 4483; x_wconf 87' lang='lat' dir='ltr'>Deo</span> <span class='ocrx_word' id='word_1_402' title='bbox 1155 4422 1245 4484; x_wconf 86' lang='lat' dir='ltr'>vitam</span> <span class='ocrx_word' id='word_1_403' title='bbox 1258 4439 1363 4501; x_wconf 86' lang='lat' dir='ltr'>proro·</span> 
     </span>
     <span class='ocr_line' id='line_1_45' title="bbox 261 4513 1361 4596; baseline -0.001 -20"><span class='ocrx_word' id='word_1_404' title='bbox 261 4523 359 4596; x_wconf 80' lang='lat' dir='ltr'>geute,</span> <span class='ocrx_word' id='word_1_405' title='bbox 378 4525 536 4594; x_wconf 84' lang='lat' dir='ltr'>coeptaque</span> <span class='ocrx_word' id='word_1_406' title='bbox 558 4524 658 4576; x_wconf 88' lang='lat' dir='ltr'>nostra</span> <span class='ocrx_word' id='word_1_407' title='bbox 677 4514 860 4589; x_wconf 81' lang='lat' dir='ltr'>fortunente,</span> <span class='ocrx_word' id='word_1_408' title='bbox 877 4516 1063 4594; x_wconf 81' lang='lat' dir='ltr'>pervenietur</span> <span class='ocrx_word' id='word_1_409' title='bbox 1080 4514 1120 4576; x_wconf 88' lang='lat' dir='ltr'>ad</span> <span class='ocrx_word' id='word_1_410' title='bbox 1140 4513 1218 4576; x_wconf 84' lang='lat' dir='ltr'>hanc</span> <span class='ocrx_word' id='word_1_411' title='bbox 1239 4531 1361 4594; x_wconf 86' lang='lat' dir='ltr'>quoque</span> 
     </span>
    </p>
   </div>
   <div class='ocr_carea' id='block_1_7' title="bbox 0 0 1577 5134">
    <p class='ocr_par' dir='ltr' id='par_1_7' title="bbox 0 0 1577 5134">
     <span class='ocr_line' id='line_1_46' title="bbox 0 0 1577 5134; baseline 0 0"><span class='ocrx_word' id='word_1_412' title='bbox 0 0 1577 5134; x_wconf 95' lang='lat' dir='ltr'> </span> 
     </span>
    </p>
   </div>
  </div>
 </body>
</html>
