3125 5134
510 641 995 734 10.1AC.REISK11
1077 761 1082 767 Ι

598 837 900 918 PRAEFATIO

450 1179 819 1254 AESCHINEM
857 1179 1047 1252 SUUM.

612 1553 748 1618 musteo
770 1553 893 1618 lactere·

695 1703 721 1745 s.
738 1701 768 1748 n.
785 1702 820 1746 n.

549 1814 612 1882 10.
633 1811 729 1874 ΙΑΟ.
751 1811 960 1876 Rursum

202 1953 383 2015 AEscutrsts
398 1953 436 2016 de
450 1955 576 2016 fortunis
589 1965 657 2034 post
666 1953 817 2030 Wolfium,
828 1953 994 2016 Fabricium
1008 1955 1041 2014 et
1049 1951 1208 2033 Tayiorum
1219 1947 1303 2028 quod

202 2043 349 2117 afferrem,
364 2047 405 2106 nil
418 2057 491 2108 erat.
533 2047 685 2108 Orationis
705 2045 873 2106 AEschineae
895 2046 998 2105 laudes
1012 2044 1142 2124 vitiaque
1164 2041 1235 2102 satia
1250 2057 1304 2100 co·

202 2135 286 2214 piose
305 2139 526 2220 subtiliterque,
540 2139 604 2198 illas
624 2137 808 2217 praedicavit,
829 2137 896 2197 haec
916 2137 1030 2198 notavit
1050 2137 1096 2198 M.
1117 2133 1303 2195 Christianus

203 2232 372 2294 Fridericus
386 2236 535 2308 Matthaei,
550 2235 652 2296 libello
666 2232 846 2305 academico,
862 2252 951 2311 quem
966 2232 996 2292 iu
1011 2229 1144 2292 secundo
1157 2225 1303 2289 AEsohinis

204 2325 262 2382 mei
275 2325 421 2387 volumine
434 2327 567 2388 reddam.
609 2329 749 2405 Superest
762 2327 863 2405 itaque
877 2325 936 2386 hoc
951 2341 1041 2384 unum
1059 2343 1079 2384 c
1097 2319 1304 2382 decessoribus
1332 2379 1338 2382 ,

203 2415 388 2492 derelictum,
402 2420 432 2478 in
447 2417 507 2498 huo
521 2419 684 2499 diligentiae
698 2418 831 2478 nonnihil
852 2438 925 2478 mese
947 2417 1050 2496 reique
1065 2414 1193 2494 dignitas
1205 2422 1241 2472 'et
1260 2411 1304 2470 ie·‘

204 2515 320 2568 storum
333 2511 518 2590 exspectatio
533 2512 677 2590 deposcit,
692 2521 724 2572 ut
740 2511 842 2572 hamm
856 2512 894 2572 de
908 2510 1099 2590 reliquiarum
1110 2505 1304 2576 editionibus,

204 2598 261 2658 bac
276 2620 340 2662 mea
354 2603 577 2678 vetustioribus,
590 2604 671 2664 etde
686 2604 775 2684 hujus
793 2604 887 2685 ipsius
907 2622 980 2664 mete
994 2601 1166 2678 rationibus,
1178 2597 1260 2681 quod
1273 2597 1304 2655 in

203 2708 265 2750 rem
279 2693 345 2768 erit,
359 2693 498 2757 breuibus
514 2714 670 2778 exponam.
1298 2693 1304 2705 '

661 2861 790 2928 sucu.
814 2861 844 2926 1.

431 3007 440 3022 ·
506 2998 557 3060 ne
571 2995 688 3060 Atussa
701 2971 1008 3066 notescimus..

248 3113 415 3176 AEscirinem
428 3116 539 3194 primus
553 3117 650 3178 edidit
664 3117 758 3178 Aldus
773 3117 937 3188 Manutius,
954 3117 994 3178 de
1013 3114 1108 3177 literis
1121 3113 1242 3176 Graecis
1253 3132 1304 3174 su·

207 3225 270 3286 pra,
286 3227 374 3286 quam
389 3211 459 3269 satis
473 3210 631 3288 praedicari
645 3210 751 3288 possit,
766 3211 955 3289 promeritus,
969 3208 1103 3270 venetiis
1116 3211 1153 3268 Α.
1170 3215 1259 3268 tots.
1272 3206 1304 3268 iu

207 3299 338 3377 Corpore
351 3303 511 3362 Oratorum
520 3305 706 3374 Graecorum,
722 3305 1029 3382 quosvuigosre‘norer
1040 3301 1189 3380 appellunt
1198 3299 1240 3368 hi,
1250 3297 1305 3377 qui

207 3393 416 3470 proculdubio
432 3395 591 3457 {socratem
610 3406 702 3474 atque
715 3397 945 3456 Demosthenem
964 3396 994 3454 iu
1007 3393 1170 3474 majoribus
1181 3391 1304 3462 habent,

207 3485 293 3562 quasi
314 3487 471 3565 prophetae
485 3486 617 3548 fuissent.
659 3489 728 3548 Duo
742 3495 813 3548 sunt
825 3489 903 3548 ittios
916 3487 1048 3566 corporis
1059 3484 1228 3554 rotominse,
1246 3482 1306 3562 pri·

206 3595 287 3638 mum
308 3574 526 3658 subscriptione
545 3581 605 3640 loci
626 3589 717 3660 atque
730 3581 872 3660 temporis
892 3599 1008 3652 carens,
1023 3579 1144 3659 paginas
1157 3581 1228 3642 rot.
1249 3577 1304 3636 im·

205 3671 303 3748 piens,
318 3671 487 3732 AEsohinem
506 3681 538 3733 et
551 3673 677 3752 Lysiam,
692 3693 807 3733 necnon
829 3674 1076 3744 Alcidamantem,
1097 3671 1305 3732 Antisthenen

205 3771 237 3820 et
247 3763 415 3824 *Demaden
428 3765 644 3843 complectitur.
686 3765 857 3826 Secundum
870 3767 1012 3845 peculiari
1024 3774 1055 3825 et
1069 3763 1189 3843 proprio
1199 3783 1253 3824 suo
1271 3762 1306 3824 ti·

205 3855 268 3914 tuto
282 3867 429 3931 ornatum,
448 3866 513 3920 lot.
527 3859 650 3938 paginas
663 3858 798 3936 implens,
812 3859 944 3938 reliquos
957 3858 1079 3920 exhibet
1092 3865 1225 3918 oratores
1244 3857 1305 3916 hoo

205 3946 321 4026 ordine,
335 3949 533 4023 Andocidem,
548 3953 665 4023 isaeum,
682 3951 875 4025 Dinarchum,
886 3951 1113 4031 Antiphontem,
1128 3951 1305 4030 Lycurgum,

206 4039 361 4119 Gorgiam,
374 4042 602 4116 Lesbonactem,
616 4042 776 4104 Herodem.
817 4045 1042 4124 Tituipsautem
1055 4040 1306 4123 primovoiumiui
1404 4055 1407 4062 ’

204 4131 347 4211 prefixus
368 4145 508 4197 auctores
526 4137 671 4197 ambobus
685 4135 884 4202 voluminibus
895 4139 1052 4199 conclusos
1065 4134 1213 4216 promittit
1231 4152 1306 4192 cun·

205 4233 283 4285 ctos.
311 4226 443 4288 Primum
454 4228 556 4289 Aldini
569 4231 703 4308 corporis
717 4230 855 4290 scimea
869 4231 935 4291 haec
945 4229 1161 4309 complectitur.
1185 4228 1218 4302 1)
1231 4243 1306 4302 pm·

204 4315 347 4378 {ctionem
363 4339 416 4380 seu
429 4322 585 4400 epistotam
599 4321 672 4382 Aidi
686 4321 724 4382 ad
741 4321 930 4384 Franciscum
944 4310 1109 4392 Faseoium,
1123 4319 1195 4395 reip.
1208 4316 1305 4379 Vene-

206 4417 247 4468 tse
267 4419 331 4472 tum
355 4413 557 4488 secretarium,
572 4414 629 4488 vei,
644 4409 677 4473 ut
698 4414 792 4477 hodie*
803 4415 962 4494 loquimur,
977 4411 1201 4484 Cancelierium,
1215 4429 1304 4488 quem
1353 4485 1359 4503 ¹

203 4499 297 4561 t'uisse
306 4505 399 4565 virum
407 4507 583 4587 sapientem,
592 4507 710 4582 fortem,
719 4507 906 4586 amplissime
918 4507 948 4568 iu
959 4526 1024 4586 rep.
1034 4502 1305 4586 pigritationem

245 4609 325 4655 vor..
341 4611 365 4657 r.
720 4601 736 4632 ⁸
757 4601 776 4660 b
