3125 5134
445 393 508 461 DE
530 394 745 462 AESCHINE
767 395 998 464 ORATORE.
1213 401 1270 466 xix

167 555 352 616 obscuritate
364 565 482 634 peccat,
497 575 556 617 nou
576 557 669 618 solum
690 577 727 617 ex
746 565 895 617 oratorum
914 576 1035 618 numero
1049 557 1194 630 eximitur,
1215 560 1269 619 sed

117 723 121 730 .
167 649 250 710 rudis
264 651 353 728 plane
369 661 460 728 atque
475 649 571 711 inians
587 649 723 711 habetur.
763 651 832 710 Alia
845 659 891 711 est
905 649 999 728 major
1010 650 1102 710 virtus
1114 658 1145 709 et
1158 653 1269 712 oratori

94 781 99 788 ·
168 743 257 820 magis
279 743 412 821 propria,
435 745 597 802 communis
620 751 717 803 umen
739 743 925 821 maximeque
946 753 1017 822 apta
1039 744 1146 823 poetis.
1185 744 1269 804 Era
1317 803 1320 811 ,

167 835 285 894 Graecic
299 834 411 895 dicitur
423 835 556 913 ἐνάργεια
570 842 600 894 el
612 836 665 912 πρὸ
679 833 813 914 ὀμμάτων
827 843 930 905 ποιεῖν,
945 855 964 894 a
977 835 1089 894 Latinis
1106 833 1266 905 evidentia,

167 927 401 1004 repraesentatio,
422 926 590 988 illustratio.
632 927 707 987 llec
726 927 895 986 auditorum
916 925 1013 988 oculis
1035 945 1093 997 res,
1115 945 1181 1004 ques
1202 946 1268 988 ora·

165 1017 247 1076 tione
261 1027 436 1088 tractentur,
451 1018 581 1094 subjicit,
602 1036 764 1096 eorumque
785 1017 888 1078 enimis
902 1018 946 1077 ita
958 1015 1064 1098 infigit,
1077 1027 1112 1078 nt
1124 1037 1175 1078 ees
1187 1019 1269 1079 cerni

163 1117 256 1188 atque
269 1110 341 1187 geri,
357 1112 452 1190 iisque
467 1111 607 1172 iuteresse
621 1131 651 1171 se
666 1119 780 1190 patent.
822 1111 891 1174 Hac
903 1110 1013 1171 virtute
1032 1112 1157 1172 maxime
1169 1113 1268 1173 excel-

166 1202 232 1262 lunt
249 1203 279 1272 ii,
299 1203 351 1280 qdi
365 1203 500 1263 celeriter
513 1211 544 1262 et
562 1211 649 1262 acute
667 1221 768 1262 omues
782 1202 825 1262 rei
846 1211 946 1282 portes
959 1202 1202 1273 animadvertunt,
1216 1223 1267 1264 ees

168 1293 323 1372 diligenter
347 1296 490 1373 cogitent,
509 1287 616 1374 resque
634 1295 785 1372 absentes,
806 1305 841 1356 ut
861 1303 1031 1375 protecter,
1051 1296 1159 1356 acriori
1181 1315 1268 1358 seura

165 1385 325 1464 minioque
340 1385 499 1465 concipere
512 1397 545 1446 et
558 1386 614 1446 sibi
628 1385 738 1466 fingere
751 1394 886 1465 possum.
927 1387 1039 1466 Operm
1051 1387 1183 1466 pretium
1200 1387 1266 1460 erit,

166 1476 282 1555 aliquot
300 1479 434 1556 exempla
446 1497 483 1538 ex
500 1478 646 1539 AEsolrine
663 1478 794 1549 laudare,
808 1499 876 1557 qum
895 1478 924 1538 ei
942 1478 1021 1538 baud
1034 1479 1124 1541 dubie
1137 1479 1268 1539 omnium

167 1587 313 1630 consensu
334 1569 491 1630 evidentiae
516 1570 631 1630 laudem
654 1569 823 1632 conciliant.
864 1565 938 1632 Erat
958 1571 1035 1631 inter
1055 1579 1196 1649 pauonos
1215 1571 1268 1630 Tl-

167 1660 278 1720 marchi
299 1671 410 1738 pnetor
431 1661 548 1740 aliquia,
563 1661 659 1739 ‘cnjus
678 1662 856 1723 auctoritate
876 1682 914 1722 ue
934 1681 1002 1723 reue
1020 1663 1076 1723 sibi
1097 1662 1267 1740 eriperetur,

161 1751 332 1815 merendum
345 1760 407 1812 erat
420 1755 541 1814 oratori.
573 1753 729 1814 Hominem
743 1773 815 1832 ergo
828 1753 945 1814 duobus
955 1754 1051 1814 serbis
1065 1754 1107 1813 ita
1117 1753 1268 1824 describit,

166 1851 203 1902 ut
220 1842 361 1902 et'fucile
375 1843 449 1904 iuter
462 1845 571 1905 multos
588 1863 740 1922 agnosces,
753 1853 785 1904 et
796 1844 863 1921 ejur
884 1846 1080 1924 arrogantium
1095 1845 1267 1909 sanitatem-

167 1952 230 2012 que
243 1933 339 1994 ridere
349 1936 476 2014 cogaris.
490 1941 527 2010 (r.
540 1936 665 2016 Τιμάρχ.
678 1941 702 2010 ξ.
716 1937 771 2012 sir.)
786 1935 980 2010 Ἀνοβήοιταε
997 1937 1064 1997 dir
1077 1939 1269 2020 τῇάσολογίρ

166 2028 213 2086 rui
225 2037 281 2087 τῦν
294 2039 459 2106 στρατηγῶν
477 2054 531 2100 τις,
546 2033 583 2096 dc
597 2032 698 2099 drudo,
719 2030 859 2098 irrutiles
872 2033 918 2088 rui
931 2032 1190 2108 κατασκοπούμενος
1203 2031 1268 2091 ἔον-

165 2122 223 2178 nir.
261 2119 337 2186 Quis
351 2138 411 2179 non
425 2121 533 2191 stetim,
548 2139 615 2180 cum
630 2120 696 2180 lroec
709 2120 792 2198 legit,
804 2119 895 2180 totius
909 2122 1045 2200 eorporis
1059 2121 1193 2182 habitum
1204 2122 1267 2182 isti·
1344 2143 1347 2148 ·

167 2229 201 2270 us
218 2210 355 2282 hominis,
373 2211 529 2292 ipsumque
540 2221 680 2291 tanquam
698 2211 728 2272 ia
740 2211 842 2272 tabula
854 2212 1005 2290 depictum
1018 2221 1070 2274 aot
1082 2212 1267 2274 incedentem

162 2301 265 2362 sidere
283 2323 315 2362 se
335 2304 442 2383 putati
463 2304 540 2366 Cum
561 2305 619 2365 hoc
640 2305 714 2365 alius
735 2323 795 2364 uon
816 2305 911 2364 miuus
933 2304 1050 2384 elegans
1068 2303 1154 2364 locus
1166 2313 1269 2382 potest

165 2395 343 2472 comparari,
365 2397 418 2456 ubi
444 2397 660 2460 Demosthenis
676 2397 705 2457 in
728 2397 857 2459 dicendo
876 2398 1093 2461 laniationem
1115 2405 1145 2458 et
1166 2417 1267 2458 casum

163 2491 206 2563 (r.
227 2487 419 2568 Παραπρεσβ.
435 2497 462 2566 ξ.
478 2493 526 2566 rt.)
545 2489 585 2550 itu
599 2490 752 2552 evidenter
765 2490 920 2570 describit,
932 2499 968 2551 ut
981 2509 1049 2552 cum
1070 2510 1107 2550 eo
1119 2489 1264 2561 laborare,

166 2580 270 2641 sudare
290 2583 417 2661 uagique
435 2583 563 2663 cogeris.
604 2584 710 2644 lnsunt
726 2582 795 2644 loca
808 2583 943 2659 ejusdem
957 2583 1071 2663 generis
1089 2582 1147 2645 ulia
1160 2583 1265 2654 mults,

164 2675 300 2752 equibus
314 2694 405 2735 unum
416 2683 530 2737 tanturn
544 2677 793 2747 commemorabo,
800 2676 857 2736 nbi
871 2676 910 2737 de
923 2671 1132 2736 Thebanorum
1144 2674 1264 2732 οιιΙιιοί-

165 2772 226 2824 lete
240 2767 281 2826 lta
293 2769 424 2846 exponit,
440 2777 473 2828 ut
488 2769 621 2828 miserias
644 2757 745 2828 corum
759 2786 817 2828 uon
832 2768 963 2836 auribus,
978 2766 1040 2826 sed*
1052 2765 1148 2824 oculis
1166 2764 1264 2842 perci·

163 2875 237 2935 pere
251 2858 413 2920 videamur.
428 2863 465 2936 (r.
476 2861 597 2942 Κτησιφ.
613 2871 638 2938 5.
652 2861 720 2936 μθ.)
733 2861 798 2916 ἀλλ’
812 2858 908 2926 ἐπειδὴ
921 2866 981 2924 τοῖς
997 2859 1127 2934 σύμιεσιν
1144 2859 1179 2912 cir
1191 2879 1264 2935 πορ-

162 2947 312 3024 sperante,
329 2951 427 3027 lnquit
440 2959 547 3022 orator,
563 2959 628 3017 τοῖς
651 2973 686 3024 γε
699 2949 838 3015 διανοίαις
852 2945 1032 3024 tromeda?
1045 2949 1138 3005 αὐτῶν
1151 2949 1192 3012 ele
1208 2953 1262 3015 τὰς

164 3045 324 3120 συμφορὰς,
346 3043 391 3098 rol
414 3049 547 3122 νομίσατε
567 3044 639 3122 ὁρᾷν
658 3043 847 3118 ἁλισκομένην
865 3043 918 3109 τὴν
935 3041 1030 3109 πόλιν,
1049 3049 1154 3118 τειχῶν
1176 3062 1263 3099 κατιε-

165 3136 287 3211 σκιιρὸς,
302 3132 452 3212 ἐμπρήσεις
465 3138 566 3204 cirris,
578 3136 727 3211 ἀγομένας
738 3139 878 3207 γυναῖκας
892 3133 938 3190 rel
946 3130 1052 3197 παῖδος
1065 3133 1106 3198 εἰς
1118 3130 1261 3204 δουλείαν,

52 3265 58 3274 ·
163 3223 324 3300 πρεσβύτας
344 3224 519 3306 ἀνθρώπους,
540 3223 729 3306 πρεσβύτιδος
750 3232 900 3301 γυναῖκας,
913 3223 966 3302 ὀψὲ
985 3222 1261 3304 μεταμανθάνοντος

164 3322 214 3388 τὴν
226 3317 400 3397 ἐλευθερίαν,
420 3323 584 3390 κλαίοντας,
600 3319 870 3397 ἱκετεύοντοςῦμιῑς,
884 3319 1081 3396 ὀργιζομένους
1101 3321 1135 3376 oi
1147 3325 1208 3385 τοῖς
1220 3343 1262 3378 τι·

163 3414 364 3489 μυρουμένοις,
378 3414 456 3470 ἀλλὰ
469 3419 528 3479 τοῖς
540 3413 645 3472 τούτων
659 3414 767 3477 uirtute.
808 3408 927 3480 Nonne,
941 3408 994 3487 qui
1008 3409 1076 3468 lrtec'
1087 3408 1168 3485 legit,
1180 3408 1262 3470 urbia
1345 3435 1350 3442 ·

164 3510 286 3560 vastate
301 3503 457 3580 imaginem
471 3503 613 3582 concipit,
625 3521 773 3563 murorum
784 3501 931 3580 fragorem
944 3508 976 3560 et
990 3500 1153 3578 collapsum
1166 3500 1261 3574 audit,

162 3592 380 3653 domiciliorum
404 3593 548 3656 furentem
573 3594 718 3657 flammam
739 3588 830 3665 videt,
853 3593 1009 3664 infantum,
1032 3592 1205 3652 feminarum
1229 3603 1262 3653 et

163 3703 265 3744 εεοιιιιι
285 3684 514 3746 imbecillitatem
534 3686 624 3758 dolet,
641 3686 767 3754 sonuum
789 3685 1048 3746 commutationem
1066 3685 1159 3754 timet,
1172 3685 1260 3745 lacri-

162 3795 276 3836 marum
298 3786 330 3836 et
347 3777 595 3857 supplicationum
609 3780 638 3842 vi
659 3779 698 3840 ad
719 3778 949 3839 misericordiam
962 3786 995 3838 et
1011 3777 1152 3838 auxilium
1164 3775 1260 3837 feren·
1301 3767 1305 3773 ’

162 3867 235 3928 dum
250 3881 464 3941 commovetur,
478 3871 602 3934 alienam
616 3871 759 3932 miseriam
773 3879 861 3948 putat
873 3889 965 3941 suam,
978 3871 1096 3931 illorum
1108 3867 1259 3928 hominum

162 3981 266 4021 εεοειει
286 3959 393 4033 induit,
415 3979 527 4042 eosque
540 3964 735 4036 cumoculos,
750 3963 946 4024 miserandum
967 3961 1179 4042 spectaculum,
1192 3979 1259 4020 rer·

162 4052 405 4205 ssffififfm
429 4057 508 4136 Ergo
529 4056 589 4118 eine
606 4057 698 4118 dubio
711 4055 870 4116 AEsclritm
883 4053 1040 4116 evidentia
1054 4052 1140 4116 laude
1161 4052 1258 4112 clarus

242 4163 267 4204 τι
302 4165 318 4204 e
341 4155 381 4206 et.
