3125 5134
266 349 301 416 ir
573 345 601 412 1.
625 345 652 411 Ι.
675 343 717 412 R.
740 343 806 412 Al)
827 341 1082 418 menmium

267 509 327 571 bun
338 509 466 589 rigentis
485 507 675 580 decuma,
694 511 845 568 vetustate
853 501 1044 573 venerabilia,
1063 524 1101 565 ea
1121 521 1183 566 uuo
1198 501 1363 584 compti·

264 602 353 675 simo,
365 611 397 661 et
408 601 520 662 lacunis
534 599 729 678 plurimisque
743 607 776 659 et
788 596 957 659 indissimis
969 595 1068 656 obsito
1081 595 1187 656 codiee
1198 595 1291 667 edita,
1305 595 1360 674 qai

262 693 452 764 emacularet,
461 691 514 770 qui
526 691 655 763 sarciret,
664 691 716 769 qui
727 699 854 762 ornmet,
865 690 917 769 qui
927 689 1033 748 Latine
1045 688 1297 767 interpretaretur,
1307 687 1359 768 qui

261 783 328 844 fane
340 782 614 844 commentariorum
632 782 819 855 illuminaret,
833 782 885 861 qni
904 781 1053 842 lectitaret
1070 779 1157 850 udeo,
1171 799 1258 859 paeue
1271 798 1358 841 nemo

261 875 329 936 fuit.
355 877 516 936 liuriasims
528 875 606 936 enim
620 894 656 936 eu
669 875 730 936 suis
744 877 775 936 iu
789 874 908 953 scriptia
919 873 1013 934 citent
1022 872 1077 932 riri
1088 871 1181 944 docti,
1190 880 1226 931 ut
1237 889 1358 950 prorsus

260 957 399 1046 ignorare
421 967 587 1028 videuntnr.
628 968 741 1028 Praeter
753 967 924 1026 AEsebinem
944 965 1123 1045 et‘Lysium,
1140 981 1217 1042 quos
1239 963 1298 1035 buc
1317 963 1358 1024 de

260 1079 351 1138 grege
373 1059 452 1120 solos
469 1059 554 1120 wolf
568 1069 600 1120 et
622 1059 798 1137 Stephanus,
812 1067 845 1119 et
863 1057 1022 1118 novissime
1034 1057 1148 1136 Taylor
1165 1075 1234 1116 curn
1254 1055 1358 1115 Merk-

197 1215 202 1222 ,
259 1154 352 1216 leudo
370 1155 476 1235 dignos
496 1155 576 1215 curis
597 1153 657 1215 suis
678 1153 858 1224 habueruut,
880 1152 986 1230 reliqui
1006 1163 1108 1211 ornnes
1129 1151 1169 1210 ab
1188 1147 1269 1210 Aldu
1286 1147 1357 1208 inde

259 1246 412 1321 immundi,
426 1247 559 1321 iucomti,
572 1246 602 1307 in
616 1245 727 1318 illuvie,
742 1246 880 1324 neglectu
893 1253 926 1306 et
937 1252 1087 1304 contemtu
1101 1243 1178 1303 ndeo
1187 1243 1355 1320 jacueruut.

260 1339 349 1400 Unde
362 1339 450 1418 bnjus
465 1339 557 1401 recudi
569 1339 607 1400 de
621 1338 771 1400 voluntate
786 1339 911 1398 Graecus
924 1355 994 1416 erga
1006 1336 1105 1395 literus
1115 1333 1242 1411 judices.
1282 1333 1358 1409 l'os·

259 1442 331 1493 aunt
352 1439 450 1493 tumen
471 1432 560 1510 hujus
581 1432 710 1510 perversi
726 1429 838 1509 judicii
850 1447 948 1490 cause
962 1426 1100 1507 gundum
1115 1424 1200 1486 reddi
1215 1426 1358 1504 quom

258 1524 349 1585 modo
360 1525 540 1604 probabiles.
573 1523 683 1599 Prima,
695 1523 780 1600 ‘quod
795 1522 900 1582 borum
914 1530 1064 1582 oratorum
1078 1519 1220 1598 perpauci
1233 1517 1356 1579 codices

257 1615 291 1676 in
304 1616 492 1702 bibliothecis
515 1616 623 1676 uostris
644 1615 840 1693 reperiuntur.
881 1613 950 1673 Itali
967 1613 1046 1672 enirn
1068 1611 1148 1671 bona
1166 1609 1356 1688 comunibus

257 1708 420 1779 abundent,
439 1726 542 1785 parurn
563 1695 738 1784 intelligunt,
757 1715 790 1766 et
807 1707 890 1784 parri
906 1705 1028 1777 fuciunt,
1042 1703 1149 1764 summi
1163 1703 1309 1782 faciende,
1322 1712 1357 1764 et

257 1801 352 1860 exteri
362 1798 476 1859 ltaliam
485 1796 705 1876 frequentantes
719 1797 776 1858 alia
790 1797 889 1857 omniu
902 1797 1040 1874 cupidius
1049 1803 1194 1874 spectant,
1204 1796 1355 1856 ardentina

257 1898 477 1961 connectantur,
487 1907 578 1967 quum
588 1897 621 1948 ut
634 1896 771 1950 suctores
782 1897 898 1953 veteres
910 1889 1038 1948 Grecos
1050 1906 1088 1945 ex
1100 1887 1310 1964 nutiquissimis
1324 1893 1356 1948 et

256 1981 406 2044 fidissimis
416 1981 600 2053 membranis,
611 1998 686 2059 quus
700 1981 805 2053 lionis,
814 1980 972 2050 Florentius,
984 1978 1199 2056 Modiolnuum,
1209 1981 1354 2050 Venerin,

256 2073 430 2146 Tnuriuurn,
450 2073 603 2152 Neapolis,
626 2071 736 2146 stetin,
753 2091 859 2150 magno
879 2082 982 2132 tenent
999 2091 1131 2144 numero,
1145 2071 1303 2134 emendare
1321 2083 1354 2132 et

255 2165 398 2227 resarcire
411 2165 555 2245 cogitent.
596 2163 738 2244 indignor
750 2183 833 2242 soepe
843 2183 968 2238 raecum,
981 2173 1012 2225 et
1026 2163 1186 2243 ingemisco
1199 2172 1290 2226 tautn
1299 2165 1355 2226 bo·

252 2259 365 2319 minum
379 2257 520 2328 cncitnti,
534 2255 619 2316 bunia
633 2257 662 2316 in
673 2257 771 2318 medio
781 2256 889 2337 positis
902 2255 946 2316 uti
959 2265 1011 2317 aut
1025 2255 1230 2327 nescientium,
1244 2267 1298 2320 aut
1308 2257 1352 2318 nil

228 2373 229 2378 ¹
255 2349 431 2412 eumntiuur.
471 2349 581 2410 Verum
596 2348 675 2410 baud
690 2350 779 2427 jurat
791 2349 903 2410 iontem
917 2347 1007 2426 liujus
1016 2355 1077 2408 tam
1091 2347 1239 2427 pudendas
1251 2368 1355 2410 socor-

255 2443 314 2506 die
327 2442 454 2522 operire,
468 2444 520 2521 qui
534 2441 564 2502 in
584 2442 689 2520 puerili
703 2444 797 2503 bruret
810 2441 993 2510 institutione
1005 2459 1097 2520 penes
1110 2441 1267 2519 magistros
1286 2462 1351 2513 eoa,

182 2601 187 2618 ,
256 2557 382 2618 qnorum
401 2539 532 2612 interest,
541 2540 730 2618 juventutem
752 2539 857 2602 sedulo
875 2549 1110 2618 ameareutqne
1129 2534 1229 2597 nrcere
1243 2539 1352 2599 abusu

255 2632 399 2692 bonerum
423 2631 581 2705 literarum,
604 2632 684 2694 nude
707 2632 800 2695 libere
818 2633 949 2712 cogstars
969 2630 1075 2693 discat.
1117 2631 1230 2692 Posteri
1254 2641 1354 2692 tanuen

255 2723 326 2803 qnid
341 2725 453 2797 dicent,
472 2724 512 2786 de
525 2725 611 2786 uobis
626 2726 699 2805 quid
711 2725 933 2797 existimabunt,
947 2734 1139 2805 postesquam
1154 2723 1279 2786 codices
1296 2713 1351 2785 bos
1374 2721 1379 2730 ’

254 2815 336 2895 ipsos
357 2817 508 2878 multilurii
529 2835 626 2890 maus,
650 2819 800 2879 bominum
823 2818 953 2887 frondes,
976 2819 1040 2896 ipsa
1063 2826 1195 2878 vetustas
1219 2836 1237 2876 e
1260 2818 1351 2878 rebus

208 2935 213 2942 ·
255 2909 435 2982 sustulerint,
448 2929 516 2970 cum
537 2910 669 2988 legenter
691 2911 723 2970 irs
742 2909 885 2987 cutalogis
907 2909 1151 2969 bibliothecarum
1171 2910 1350 2970 mentionem

253 3019 354 3062 eorum
365 2999 483 3071 factum
497 3017 556 3058 non
569 2999 712 3060 lectiones
727 3001 823 3061 saltim
836 3018 938 3059 eornm
951 3001 1150 3072 conservatas,
1165 3012 1196 3061 et
1209 3002 1351 3062 librorum

252 3092 459 3172 impressorum
479 3089 626 3150 beneficio
646 3090 685 3150 ud
702 3108 807 3152 omnes
820 3101 964 3152 terrarum
978 3108 1045 3151 orus
1064 3091 1173 3152 diditus
1186 3100 1218 3151 et
1237 3092 1275 3153 ad
1296 3112 1352 3171 po·

253 3194 350 3246 steros
363 3180 545 3244 transmissus
553 3181 714 3264 videbunti
741 3183 844 3242 Altera
854 3200 955 3253 causa,
968 3201 1038 3260 quse
1048 3181 1163 3255 iecerit,
1172 3191 1206 3241 ut
1218 3191 1351 3245 oratores

254 3277 285 3337 bi
298 3275 525 3356 negligerentur,
540 3275 605 3335 hnc
620 3273 724 3336 buberi
737 3274 840 3354 possit,
855 3274 937 3352 quod
955 3291 1069 3350 eorum,
1081 3291 1150 3353 quse
1164 3283 1290 3347 exstant,
1304 3276 1357 3337 iu·¹

255 3369 479 3450 terpretstiones
492 3366 606 3428 Lutiute
616 3387 723 3447 parurn
734 3387 751 3427 u
762 3365 969 3446 saruapublics
983 3366 1159 3445 probentur.
1181 3367 1246 3447 Ego
1258 3370 1349 3440 euim,

253 3462 306 3542 qui
326 3478 476 3540 nunquam
491 3478 541 3520 eea
555 3478 610 3540 per
623 3479 670 3521 rue
682 3459 828 3532 noscitare
841 3469 930 3537 utque
949 3459 1097 3519 {estimare
1110 3461 1282 3534 curaverim,
1296 3455 1348 3522 ne-

252 3575 312 3634 que
326 3554 474 3627 damnare,
494 3571 592 3632 neque
606 3551 758 3612 absoluere
771 3552 876 3612 susim.
917 3551 978 3613 Sed
999 3551 1118 3612 Miniuti
1137 3553 1310 3625 versionem,
1330 3573 1349 3614 a

252 3669 299 3708 me
320 3664 468 3725 nunquam
489 3645 661 3724 inspectum,
677 3663 695 3704 u
710 3643 778 3706 viris
791 3643 890 3705 doctis
902 3643 1035 3704 damnari
1048 3642 1147 3705 rideo.
1188 3645 1237 3706 De
1250 3647 1348 3727 Lysim

251 3740 412 3818 interprete
425 3756 482 3798 rau
500 3737 555 3797 der
568 3735 679 3796 lleidio
698 3736 832 3814 queritur
842 3737 967 3817 Tsylor,
980 3755 1038 3814 ego
1050 3755 1153 3798 rursus
1165 3737 1204 3797 de
1216 3739 1348 3818 Tnyloro

251 3849 377 3911 querors
391 3829 478 3907 nujus
490 3828 762 3907 interpretationem
777 3830 909 3890 turinum
925 3829 1037 3910 Lysias,
1048 3849 1128 3890 nnuc
1139 3829 1216 3890 suma
1229 3833 1351 3910 publica

251 3931 283 3984 et
294 3923 387 4001 gratia
405 3920 543 3982 novitatis
556 3921 708 3982 florentem
722 3922 836 3983 utinum
850 3925 892 3982 itu
904 3933 1025 3982 nossent
1036 3941 1147 3995 omues,
1162 3941 1280 4001 nanque
1292 3943 1348 3985 suo

250 4016 292 4076 ita
307 4023 489 4094 compertum
511 4013 769 4092 subeuntesque
791 4034 848 4093 ego
868 4033 935 4087 meo
954 4015 1062 4087 buben,
1076 4033 1165 4092 quarn
1184 4015 1223 4074 sit
1242 4035 1347 4094 parum

250 4106 532 4186 Lutiua,saspiasime
543 4107 1347 4187 saeuientiisLyaicabborreus,ipsaGrmeaoratione,

251 4220 319 4280 quse
330 4201 372 4262 ob
382 4201 552 4262 brevitatem
563 4199 721 4278 sepissime
731 4210 778 4260 est
787 4201 1004 4274 obscurissimo,
1013 4201 1110 4261 multo
1119 4201 1283 4286 obscurior,
1289 4204 1351 4267 illi-'

250 4293 367 4374 berulis,
380 4302 412 4355 et
424 4311 544 4373 prorsus
558 4291 760 4356 intolerabilia.
791 4293 925 4354 Tertiam
939 4294 1017 4354 udde
1029 4311 1157 4369 cauum,
1167 4295 1245 4373 juris
1252 4297 1347 4359 Attici

251 4385 473 4464 iguomtiouem.
515 4383 605 4453 Quod
622 4382 675 4461 jus
696 4386 815 4446 tametsi
835 4384 902 4445 inus
924 4395 971 4446 est
988 4384 1124 4456 Romani,
1141 4387 1172 4446 in
1196 4405 1258 4465 quo
1276 4390 1347 4468 jure

250 4479 383 4543 Romano
396 4477 581 4542 eunelasndo
594 4486 639 4539 tot
652 4469 814 4541 laborarint
826 4487 927 4540 nostru
938 4487 1125 4560 ,patrumque
1138 4481 1279 4544 memoria
1293 4485 1347 4545 viri
