3125 5134
9 931 18 967 i

9 984 20 1034 l

602 371 859 442 ramerum.
1220 328 1290 472 xm

170 527 296 594 moden
316 528 480 610 sliqurndo
499 539 616 594 melem.
658 535 795 600 Mentem
809 539 970 602 escendere
989 541 1071 614 licet,
1092 543 1171 604 saltu
1193 561 1281 624 mpe-

171 645 239 688 rrre
264 633 403 704 negatum
426 632 482 686 est.
524 627 649 688 Strenue
674 631 763 692 modo
785 639 876 710 etque
899 633 1037 696 slseriter
1058 643 1088 696 et
1110 634 1283 710 liberaliter,

172 726 327 797 quotquot
341 717 444 780 volunt
458 717 620 780 litemmroe
635 723 755 784 Grmcsa
769 726 897 786 studiosi
909 726 1013 802 rideri,
1035 735 1134 808 ooepm
1151 747 1219 788 meo
1234 749 1281 790 se-

171 809 316 871 cundent.
357 809 491 872 Emendo
510 830 586 890 opus
606 821 638 873 et
657 827 858 899 srpoesspopote
875 837 994 880 cursum
1014 819 1082 898 ejus
1101 820 1281 895 accelerent,

172 923 272 982 neque
287 904 384 966 sinent
395 925 441 966 me
451 905 507 965 sub
520 924 610 966 onere
624 912 841 984 commumoni
854 911 978 974 ferendo
990 915 1072 974 solus
1084 933 1142 996 ego
1151 933 1207 993 par
1220 933 1282 976 nou

172 1015 254 1072 snm,
279 997 484 1059 succumbere.
525 998 625 1059 Pudet
648 1000 749 1062 dicere
767 1037 808 1050 -
824 1004 885 1064 Sed
910 1023 1030 1084 parcam
1057 1007 1168 1086 pudori
1193 1007 1283 1084 hujus

167 1089 277 1162 'secoli
290 1087 416 1170 ejusque
430 1089 468 1150 ud
487 1100 624 1170 posteros
647 1091 743 1166 sums,
765 1095 937 1175 diligentius
956 1098 1058 1170 etium,
1071 1117 1170 1178 qoem-
1183 1099 1281 1179 ipsum

173 1201 239 1242 sum
252 1184 358 1262 parcit.
400 1184 500 1262 Turpe
514 1184 609 1260 dictu,
627 1195 659 1248 et
679 1204 765 1266 prece
785 1188 959 1252 incredibile
980 1200 1037 1263 est,
1060 1209 1150 1270 quem
1170 1191 1201 1252 in
1222 1193 1282 1254 lior

173 1284 236 1338 tan
251 1275 341 1336 urdoo
355 1295 457 1356 opere,
473 1287 534 1336 tem
549 1279 586 1339 ed
602 1279 723 1357 gloriam
737 1283 852 1360 patrias,
867 1291 926 1343 tum
941 1282 981 1344 sd
994 1295 1165 1346 ornamenta
1186 1286 1279 1347 bons-

174 1385 241 1428 rum
254 1367 359 1446 ortipm
373 1367 582 1446 pertinente,a
596 1371 783 1446 liberulitste,'
794 1393 855 1434 uon
871 1374 970 1436 dicam
988 1376 1121 1454 pablics,
1136 1395 1205 1454 quer
1223 1377 1281 1438 hue

173 1466 263 1520 aetste
276 1459 383 1522 frustm
396 1453 540 1539 speretur,
555 1463 607 1522 sed
621 1484 639 1523 a
652 1464 766 1542 primm
780 1484 882 1528 eorum
896 1467 952 1528 sim
965 1468 1111 1541 domitus,
1124 1473 1177 1547 qui
1192 1470 1281 1530 boner

72 1599 75 1612 .
173 1550 344 1624 literature,
359 1559 391 1613 et
411 1553 534 1614 Grsecoe
555 1553 698 1635 imprimis
722 1563 849 1618 ststores
873 1558 978 1620 heberi
1000 1561 1111 1622 volunt.
1155 1562 1225 1622 Noa
1247 1562 1280 1622 lsi

173 1643 265 1704 modo
285 1664 347 1706 non
370 1645 589 1720 commendant,
613 1648 696 1728 quod
718 1647 819 1710 fecere
842 1658 992 1728 poterant,
1015 1663 1107 1730 atqoe
1128 1653 1281 1716 debebant

172 1737 263 1810 odeo,
284 1738 338 1799 aad
351 1757 455 1800 vereor
474 1757 513 1800 ne
532 1738 592 1802 sint
613 1759 745 1819 quoque,
764 1741 817 1819 qui
837 1740 981 1803 insument
1000 1745 1091 1809 etiam
1113 1745 1171 1806 boo
1190 1761 1279 1824 opus,

173 1840 268 1909 atque
287 1832 319 1892 io
338 1830 532 1909 suspicionem
555 1841 587 1893 et
606 1831 745 1894 invidiam
767 1833 916 1896 adducere
938 1834 1083 1898 laborent.
1124 1837 1279 1916 Suppetior

176 1925 251 1985 mihi
268 1934 409 1986 venerunt
428 1923 617 2006 pecuniarioe,
641 1925 720 1988 unde
742 1925 861 1990 minime
883 1947 1079 2006 speraveram.
1118 1930 1279 2009 Symbola·

175 2017 317 2079 miseruut
335 2018 467 2097 iniquos
484 2019 616 2082 homiues
636 2029 722 2080 natos
743 2036 803 2080 non
824 2039 936 2082 norum.
976 2021 1064 2092 Quos
1080 2023 1278 2084 amicssime·

174 2111 283 2172 bebere
303 2112 473 2184 credebam,
495 2111 603 2191 quibus
625 2113 754 2175 fidebam
775 2113 912 2186 maxime,
925 2114 957 2174 hi
974 2134 1023 2174 ne
1038 2115 1217 2189 destituunt,
1232 2117 1296 2184 vi.

173 2203 278 2266 dentes
291 2223 354 2285 quo
367 2205 480 2266 vortice
500 2204 692 2284 circumegrr.
733 2207 793 2266 Per
806 2206 873 2266 illos
887 2226 947 2266 non
961 2214 1030 2280 stet,
1045 2227 1106 2287 quo
1120 2209 1215 2269 miuus
1237 2209 1277 2271 cb

173 2297 224 2357 illo
237 2297 348 2358 vortice
370 2297 497 2358 liuurinr.
540 2300 628 2359 Dono
645 2317 743 2377 neque
765 2300 820 2360 toli
838 2318 1032 2379 usquequam,
1053 2319 1152 2382 neque
1171 2321 1277 2380 posco.

174 2391 252 2452 Setis
266 2389 339 2452 milri
357 2390 422 2462 erit,
437 2389 609 2470 frequentes
622 2391 647 2452 si
661 2401 768 2453 coeant
781 2400 918 2454 emtores.
931 2398 1121 2475 προεισφορὰς
1133 2414 1187 2455 seo
1199 2414 1277 2474 prue-

173 2485 388 2546 uumerrtioues
402 2484 500 2563 pretii,
515 2484 595 2546 haud
610 2484 745 2546 absolute
759 2486 889 2563 puerulo,
903 2504 1083 2565 quemquem
1095 2507 1165 2549 eum
1178 2499 1277 2569 grutu-

173 2576 281 2637 lrtione
295 2596 361 2637 sum
380 2585 568 2654 recepturus,
581 2577 606 2636 si
621 2577 673 2656 qui
693 2576 829 2638 conferre
842 2578 952 2640 volent.
994 2579 1161 2641 Contentus
1174 2597 1238 2651 ero,
1251 2580 1277 2640 si

175 2670 312 2729 volumen
333 2677 368 2729 ut
388 2669 531 2748 quodque
555 2670 639 2750 prelo
660 2670 773 2741 exierit,
795 2681 919 2733 emetur.
962 2670 1161 2743 Periclitstnr‚
1185 2671 1275 2743 cives,

173 2762 265 2839 gloria
281 2762 395 2840 patric,
410 2763 594 2840 periclitatur
615 2762 693 2824 sulus
707 2763 825 2824 Graecoe
839 2761 999 2824 literature
1011 2763 1042 2822 in
1055 2763 1218 2824 Germanic
1232 2783 1278 2824 re·

173 2854 316 2916 viviscere
325 2855 470 2928 romulis,
484 2855 509 2915 si
522 2854 696 2916 diffidentie
709 2863 825 2924 vestrm,
841 2857 867 2914 si
888 2854 1036 2924 sordibus,
1052 2855 1077 2914 si
1097 2855 1276 2928 invidentia,

174 2945 201 3004 si
210 2946 333 3023 privetis
345 2945 521 3025 quibusdem
532 2964 648 3008 mecum
662 2944 861 3006 simultatibus
872 2945 998 3024 aliisque
1011 2945 1103 3007 uniml
1115 2946 1225 3008 morbis
1235 2947 1277 3008 its

173 3038 302 3111 mus
315 3047 350 3100 ut
361 3049 489 3119 creptum
505 3040 563 3101 hoo
577 3041 608 3100 in
622 3039 687 3118 ipso
701 3047 790 3118 partu
800 3037 870 3099 elidi
883 3039 1045 3117 potiemini.

613 3251 746 3325 SECT.
768 3251 835 3319 Vl.

324 3377 470 3438 Rotiosm
483 3377 668 3452 sumtuurioe,
681 3396 872 3458 expensorum
885 3383 915 3437 et
928 3386 1122 3460 acceptorum.

211 3481 279 3555 Sed,
296 3494 328 3545 ut
349 3483 462 3555 scietis,
476 3484 567 3555 cives,
582 3483 749 3544 universum
769 3482 860 3561 hujus
881 3483 992 3563 negotii
1013 3493 1131 3558 statum,
1144 3485 1275 3564 locique,
1321 3515 1325 3527 ¹

171 3593 233 3651 quo
245 3576 407 3638 conclusus
422 3596 496 3650 sum,
511 3576 707 3654 iniquitatem,
722 3582 754 3638 el
766 3575 892 3654 periculi
913 3576 973 3635 mei
987 3578 1218 3657 magnitudinem
1232 3578 1277 3636 iu.
1357 3566 1362 3574 ’

171 3667 317 3746 telligntis‚
329 3669 409 3730 bonu
423 3668 481 3730 fide
496 3670 650 3730 vobiscum
663 3689 760 3748 egam,
772 3670 900 3730 rationes
914 3680 1106 3750 acceptorum
1118 3683 1148 3734 et
1164 3692 1277 3753 espen·

170 3777 268 3820 sorum
283 3762 368 3822 robis
381 3763 575 3835 exhibiturus,
591 3772 624 3822 ut
644 3761 699 3840 ipsi
713 3760 876 3835 aestimetis,
891 3773 1077 3842 quoestumne
1098 3765 1214 3838 faciem,
1228 3763 1274 3825 di-

170 3851 315 3934 vitiesque
327 3875 428 3928 vener,
440 3875 477 3916 uu
487 3855 647 3916 discrimen
658 3854 781 3915 adierim
791 3855 891 3935 reique
902 3854 1049 3935 fumoeque
1060 3858 1277 3936 decoquendus.

170 3945 252 4025 quod
267 3946 292 4006 si
307 3945 417 4022 secero,
431 3967 492 4008 non
506 3966 572 4008 meu
585 3966 620 4008 es
631 3946 720 4026 culpe
734 3946 801 4019 erit,
814 3954 846 4006 et
859 3948 1003 4008 bonorum
1018 3950 1147 4011 omnium
1157 3951 1277 4029 judicio

169 4059 226 4118 ego
244 4049 402 4102 mouentur
423 4039 566 4102 babebur-
608 4040 678 4103 Duo
698 4038 872 4119 prodierunt
886 4039 1096 4104 Demosthenis
1119 4043 1276 4126 volumius,

168 4131 288 4191 tertium
310 4151 390 4194 nuno
411 4133 523 4214 prodit,
539 4132 708 4194 AEscliinem
724 4130 878 4193 exhibens.
919 4133 1033 4194 Horum
1051 4134 1140 4197 trium
1151 4137 1277 4196 volumi·

168 4243 239 4284 uum
262 4223 294 4283 iu
315 4245 407 4286 unum
428 4226 570 4306 quodque
586 4234 713 4287 sumtum
729 4223 788 4284 leci
810 4223 994 4286 ducentenos
1015 4228 1230 4308 propemodum
1244 4239 1277 4289 et

169 4315 398 4398 quinquagenos
418 4319 544 4380 ducatos
565 4337 671 4379 aureos
689 4316 883 4379 hollandicos.
911 4319 998 4399 (Uter
1011 4319 1069 4382 hoc
1089 4340 1198 4400 genere
1215 4339 1277 4381 mo-

168 4419 246 4472 netae
265 4411 295 4472 in
314 4413 373 4474 boc
387 4413 514 4486 calculo,
529 4411 612 4491 qood
631 4430 667 4472 ea
680 4411 851 4473 notionibus
865 4412 1004 4473 omnibus
1017 4422 1089 4476 uoto
1102 4420 1159 4484 est,
1170 4412 1277 4484 thaleri
1341 4439 1346 4446 ·

168 4507 331 4583 germanici
351 4507 416 4568 noti
439 4516 507 4585 sunt
526 4503 711 4586 paucissimis
731 4513 815 4566 extra
829 4505 1044 4580 Germaniam.)
1083 4505 1126 4566 lli
1146 4512 1207 4570 25⁰
1219 4509 1275 4570 du·
