3125 5134
615 375 870 444 PRAEFATIO.
1074 393 1080 400 ·
1259 381 1293 448 ix

183 537 290 601 tissimi
304 539 349 600 tui
369 537 496 600 nominis
516 540 703 614 auctoritate,
718 547 781 601 tum
794 539 825 600 iu
840 536 903 599 aliis
917 538 1050 600 leviculis
1065 538 1185 600 sedulus
1202 561 1244 615 es,
1261 553 1292 604 et

182 639 292 706 mutas,
307 651 472 712 nomque,
486 633 537 694 ubi
561 633 604 694 uil
626 633 783 695 rescrebat.
824 633 928 694 Partes
945 632 1083 712 prolecto
1096 635 1227 694 muneris
1247 636 1292 696 tui

181 723 367 804 flagitabant,
378 723 496 804 tibique
510 725 705 805 imperabant,
717 734 761 799 ut,
776 724 800 786 si
811 724 884 786 nibil
894 725 986 797 aliud,
997 727 1056 786 hoc
1068 733 1149 786 certe
1159 745 1292 802 caveres,

183 825 218 876 ut
231 836 292 876 aare
306 817 358 878 illo
371 817 486 890 insano,
499 836 560 897 quo
571 819 739 879 chartarum
750 827 867 878 tuarum
878 818 1094 900 magnificentia
1109 819 1196 878 uobis
1210 828 1292 880 exte-

182 908 233 978 ris,
248 909 301 986 qni
314 910 353 970 ad
368 929 420 970 ros
434 909 594 972 Britannos
610 911 650 970 lri
663 911 702 971 ad
716 911 834 972 Croesos
853 929 965 982 sumna,
978 910 1150 971 redimenda
1163 921 1221 984 est,
1237 913 1290 990 qni

183 1019 246 1062 rem
261 1001 433 1080 quaerimus,
448 1001 564 1064 offuoiis
578 1003 748 1064 adventitiis
763 1023 824 1064 non
838 1003 989 1075 ducimur,
1008 1022 1132 1082 quarum
1147 1003 1211 1064 laus
1225 1005 1294 1065 arti·
1414 997 1426 1020 ⁸

182 1091 236 1154 tici
249 1093 420 1156 chartarum
433 1103 465 1155 et
479 1095 666 1176 typographo
680 1095 817 1170 debetur,
832 1104 946 1156 textum
960 1095 1056 1157 saltim
1071 1095 1299 1180 redimeremus„

182 1202 244 1245 nnn
262 1185 404 1246 sublestae
418 1185 500 1260 fidei,
523 1207 585 1249 non
605 1187 801 1267 inquinatum,
821 1188 875 1249 sed
894 1188 963 1250 lima
981 1195 1032 1249 tua
1045 1188 1151 1249 critica
1161 1190 1291 1268 perpoli-

182 1287 258 1358 tum,
271 1289 303 1340 et
312 1280 352 1342 ad
365 1281 573 1361 primigenium
583 1281 719 1358 nitorem,
732 1301 790 1362 qua
805 1290 887 1362 pote,
902 1289 1106 1343 restauratum.
1128 1282 1217 1342 Grati
1229 1281 1292 1360 qui·

183 1371 251 1432 dem
264 1372 440 1452 accipimus,
457 1393 525 1454 quas
547 1373 578 1435 in
592 1376 836 1436 annotationibus
852 1397 870 1437 e
891 1375 974 1436 libris
993 1375 1078 1436 matis
1099 1373 1197 1435 affers.
1232 1376 1289 1436 Sed

170 1486 285 1552 ,comm
304 1469 437 1531 delectus
455 1479 486 1530 et
505 1488 576 1531 usus
594 1489 655 1530 non
668 1470 836 1531 successori
849 1479 904 1532 tuo
917 1469 1126 1549 relinquendus
1140 1478 1215 1540 erat,
1230 1488 1290 1528 non

183 1562 417 1640 exspectandum
431 1563 508 1640 ejus,
521 1571 575 1622 aut
595 1563 715 1624 lectoris
736 1563 883 1644 cujusque
894 1563 1054 1640 judicium,
1073 1561 1126 1622 sed
1142 1569 1217 1633 tute,
1228 1561 1291 1640 ¹qui

182 1654 330 1727 criticum,
345 1655 399 1733 qui
413 1654 554 1715 editorem
569 1653 754 1735 profiterere,
768 1667 874 1716 auctor
891 1655 955 1715 lieri
976 1653 1108 1715 debebas
1128 1653 1291 1713 lectoribus
1325 1683 1329 1689 ,
1420 1697 1425 1704 .

183 1765 288 1806 earum
300 1745 475 1818 lectionum,
491 1765 566 1826 quas
581 1755 614 1806 tu
628 1747 798 1826 probandae
814 1765 969 1816 censeres:
989 1745 1154 1826 praesertim
1173 1743 1226 1824 qui
1246 1754 1293 1807 tot

183 1837 282 1898 lustra
295 1839 327 1898 in
339 1839 481 1915 conando,
495 1840 526 1900 in
541 1840 689 1900 moliendo
703 1859 903 1901 consumeres.
944 1837 1081 1917 Exempli
1098 1837 1223 1916 alicujus
1241 1857 1291 1898 ve·

140 1927 144 1932 ’
185 1930 257 1990 teris
278 1930 455 1992 auctoritate
476 1933 501 1992 si
523 1941 629 2011 captus
651 1951 725 2008 eras,
741 1933 767 1993 si
781 1933 839 1994 tibi
851 1949 1040 2012 persuaserat
1054 1929 1095 1990 ab
1108 1932 1174 2009 ejus
1187 1948 1291 1991 norma

136 2031 143 2038 '
184 2023 239 2084 tibi
258 2023 339 2086 hand
356 2045 421 2086 esse
443 2025 669 2100 discedendum,
684 2047 739 2087 cnr
751 2045 811 2087 non
826 2026 966 2087 Aldinum
979 2023 1149 2105 praetulisti,
1163 2023 1292 2104 antiqui-

182 2121 244 2176 tate
255 2125 337 2178 certe
350 2115 472 2197 tideque
488 2119 614 2192 codicis,
629 2139 646 2180 e
661 2138 723 2199 qno
736 2119 877 2192 manarit,
892 2118 1085 2181 venerabile?
1102 2123 1163 2190 aut,
1181 2117 1206 2176 si
1220 2118 1291 2178 huic

181 2209 338 2290 parcebas,
348 2209 561 2290 Stephauicum
577 2221 668 2285 certe,
684 2212 763 2292 qnod
777 2221 824 2273 est
837 2222 869 2272 et
882 2210 1056 2291 parabilius,
1069 2218 1100 2270 et
1111 2210 1293 2270 correctiust

184 2303 227 2362 at
245 2321 324 2363 nuuc
345 2301 491 2384 intelligo.
533 2305 710 2367 Genereusc
728 2305 905 2383 exemplum,
921 2303 1032 2364 chartis
1049 2303 1184 2363 incusum
1204 2321 1292 2382 paene

183 2393 264 2466 anis,
277 2395 424 2474 vulgarius
438 2407 511 2470 crat,
531 2408 562 2458 et
580 2398 751 2477 parabilius,
767 2406 798 2458 et
816 2399 911 2458 minor
924 2398 955 2458 in
969 2416 1006 2458 eo
1019 2393 1112 2457 fiebat
1121 2395 1251 2474 jactura,
1265 2395 1291 2454 si
1314 2445 1319 2452 .

183 2486 406 2566 typothetarum
421 2490 549 2551 sordidis
569 2510 587 2551 a
606 2492 741 2552 nthnibus
760 2498 1016 2570 conspurcaretur.
1057 2489 1171 2550 Bellum
1185 2489 1290 2567 utique

183 2597 249 2639 cum
262 2581 442 2659 parsimonia
461 2602 521 2644 uon
542 2603 624 2662 gero,
645 2605 734 2663 quam
755 2585 891 2663 quotidie
911 2584 997 2645 disco
1017 2590 1049 2644 et
1068 2601 1192 2643 exerceo
1206 2582 1237 2640 iu
1258 2601 1291 2641 re

182 2687 326 2751 perquam
350 2675 458 2736 accisa.
500 2675 602 2736 Didici
620 2686 729 2755 tamen,
750 2677 832 2756 saepe
852 2676 967 2736 lucrum
989 2695 1062 2746 esse,
1082 2673 1240 2754 pecuniam
1260 2672 1291 2731 iu

182 2761 250 2824 loco
273 2767 432 2828 conmmui.
474 2767 650 2848 Exemplum
675 2769 886 2849 Tayloraunm,
912 2767 994 2846 quod
1022 2766 1097 2826 tanti
1119 2784 1209 2844 penes
1236 2784 1291 2825 noa

184 2859 275 2932 veuit,
289 2862 388 2938 operis
402 2861 472 2922 dedi
494 2861 732 2934 exscribendum,
749 2872 783 2921 nt
799 2879 899 2940 operae
913 2877 1064 2938 parcerem
1082 2855 1290 2916 annotationes

184 2951 381 3014 eascdbendi.
421 2953 566 3033 Stephani
585 2963 716 3014 oratores
739 2951 907 3033 concerpsi‚
932 2970 993 3030 quo
1014 2949 1132 3030 Lysiam
1149 2949 1290 3009 Venetias

184 3043 342 3118 mitterem,
356 3045 398 3106 ibi
411 3065 477 3107 cum
489 3047 597 3109 codice
610 3047 795 3108 Bessariouis
813 3044 1036 3107 conserendum.
1077 3046 1120 3105 ht
1133 3050 1166 3104 tu
1180 3051 1289 3116 umen,

184 3137 210 3197 si
233 3137 414 3217 parcendum
435 3139 589 3212 censebas,
611 3139 650 3201 de
676 3158 737 3219 qno
760 3139 802 3200 nil
824 3158 943 3219 queror,
968 3137 1100 3199 debebas
1122 3137 1290 3216 exemplum

183 3229 361 3292 Woltianum
375 3251 395 3292 a
408 3231 543 3293 Roreriis
558 3235 690 3294 Genevae
702 3251 838 3293 recusum
848 3234 930 3312 prius
944 3232 998 3292 abs
1008 3241 1038 3292 te
1052 3229 1212 3310 diligenter
1225 3251 1290 3290 cor·

184 3333 298 3384 rectum
313 3325 508 3406 typographis
527 3326 558 3386 iu
572 3345 676 3386 manus
695 3325 776 3387 dare.
818 3325 875 3387 Sed
889 3323 1033 3404 quicquid
1053 3324 1172 3383 taudem
1188 3322 1292 3383 subest
1406 3316 1410 3328 '

184 3431 292 3486 musar,
311 3436 364 3477 seu
385 3418 524 3496 segnities
543 3437 578 3478 en
596 3417 664 3490 fuit,
682 3425 713 3478 et
728 3418 927 3478 molestiarum
946 3415 1099 3496 devitatio,
1114 3434 1165 3475 seu
1178 3413 1290 3494 impru-

184 3505 284 3568 dentia
297 3509 436 3587 quaedam
451 3519 512 3583 tua,
526 3507 664 3591 Taylore,
684 3509 788 3571 laudes
802 3529 837 3570 ea
854 3509 953 3588 operis
975 3508 1031 3580 tui,
1048 3527 1108 3568 nou
1124 3506 1291 3568 mediocres
1384 3539 1388 3547 ,

184 3600 257 3661 alias
279 3599 405 3676 fntnrm,
429 3603 506 3663 haud
529 3621 633 3684 parum
654 3603 768 3664 minuit.
810 3603 971 3683 Reliquum
992 3610 1092 3662 autem
1114 3601 1313 3680 Taylorauae*

182 3693 321 3755 editionis
336 3695 562 3757 instrumentum
582 3695 661 3756 haud
681 3695 929 3757 contemnendum
943 3700 1004 3764 est;
1026 3694 1109 3774 quod
1131 3714 1217 3756 omne
1230 3714 1291 3756 non

183 3786 214 3846 iu
230 3805 326 3848 meam
346 3787 436 3849 modo
455 3789 593 3850 traushdi
613 3788 783 3862 editionem,
804 3789 857 3850 sed
878 3788 946 3849 aliis
971 3807 1094 3868 qnoque
1116 3788 1202 3850 novis
1223 3788 1292 3849 auri

183 3881 374 3943 ornamentis.
416 3882 464 3942 De
475 3881 583 3962 quibus
598 3901 677 3943 nunc
692 3881 801 3943 dicam.

628 4073 757 4154 SECT.
781 4083 847 4151 IV.

515 4234 565 4296 Dc
577 4234 707 4297 editions
719 4234 775 4294 hac
789 4230 952 4312 masa

223 4347 412 4418 Quibusdam
423 4351 454 4413 in
466 4351 555 4414 rebus
567 4352 607 4415 ab
618 4351 753 4414 instituto
766 4351 892 4433 Taylori
902 4371 948 4412 me
961 4349 1145 4422 discessisse,
1156 4348 1204 4409 ris
1212 4368 1291 4411 com-

184 4453 350 4505 memoratu
364 4444 488 4526 dignum
501 4456 566 4519 est;
583 4453 616 4506 ut
630 4445 661 4506 iu
674 4447 742 4508 hoc.
770 4446 881 4528 Taylor
891 4443 993 4508 Wolfii
1002 4445 1133 4506 latinam
1148 4443 1290 4526 iuterpre·
1379 4439 1383 4455 '

182 4537 325 4600 tationem
339 4559 406 4602 cnm
421 4549 505 4604 testo
519 4543 631 4604 Graeco
649 4538 746 4602 statim
766 4541 985 4622 substravisset,
999 4560 1055 4620 ego
1068 4559 1133 4602 eam
1147 4540 1177 4602 in
1189 4549 1292 4604 sedium

224 4647 301 4694 vou.
317 4649 341 4693 r.
702 4633 734 4668 ⁴*
750 4655 766 4696 c
